Poker Hand #HD50917902: Hold'em No Limit ($0.01/$0.02) - 2024/05/21 20:27:08
Table 'NLHYellow6' 6-max Seat #2 is the button
Seat 1: Hero ($1.03 in chips)
Seat 2: f9130471 ($2.31 in chips)
Seat 4: e99e015e ($3.36 in chips)
Seat 5: f0a5485a ($2.55 in chips)
Seat 6: c35140ef ($1.46 in chips)
e99e015e: posts small blind $0.01
f0a5485a: posts big blind $0.02
*** HOLE CARDS ***
Dealt to Hero [Qs Qd]
Dealt to f9130471 
Dealt to e99e015e 
Dealt to f0a5485a 
Dealt to c35140ef 
c35140ef: calls $0.02
Hero: raises $0.06 to $0.08
f9130471: folds
e99e015e: folds
f0a5485a: folds
c35140ef: calls $0.06
*** FLOP *** [Kd 9d 7c]
c35140ef: checks
Hero: bets $0.1
c35140ef: calls $0.1
*** TURN *** [Kd 9d 7c] [4d]
c35140ef: checks
Hero: bets $0.3
c35140ef: calls $0.3
*** RIVER *** [Kd 9d 7c 4d] [Td]
c35140ef: bets $0.6
Hero: calls $0.55 and is all-in
Uncalled bet ($0.05) returned to c35140ef
c35140ef: shows [Ad 9h] (Ace High Flush)
Hero: shows [Qs Qd] (King High Flush)
*** SHOWDOWN ***
c35140ef collected $1.97 from pot
*** SUMMARY ***
Total pot $2.09 | Rake $0.1 | Jackpot $0.02 | Bingo $0 | Fortune $0 | Tax $0
Board [Kd 9d 7c 4d Td]
Seat 1: Hero showed [Qs Qd] and lost with King High Flush
Seat 2: f9130471 (button) folded before Flop (didn't bet)
Seat 4: e99e015e (small blind) folded before Flop
Seat 5: f0a5485a (big blind) folded before Flop
Seat 6: c35140ef showed [Ad 9h] and won ($1.97) with Ace High Flush


Poker Hand #HD50917881: Hold'em No Limit ($0.01/$0.02) - 2024/05/21 20:26:19
Table 'NLHYellow6' 6-max Seat #1 is the button
Seat 1: Hero ($1.03 in chips)
Seat 2: f9130471 ($2.27 in chips)
Seat 3: 6fe40fe3 ($1.42 in chips)
Seat 4: e99e015e ($3.38 in chips)
Seat 5: f0a5485a ($2.55 in chips)
Seat 6: c35140ef ($1.46 in chips)
f9130471: posts small blind $0.01
6fe40fe3: posts big blind $0.02
*** HOLE CARDS ***
Dealt to Hero [3s Td]
Dealt to f9130471 
Dealt to 6fe40fe3 
Dealt to e99e015e 
Dealt to f0a5485a 
Dealt to c35140ef 
e99e015e: calls $0.02
f0a5485a: folds
c35140ef: folds
Hero: folds
f9130471: calls $0.01
6fe40fe3: checks
*** FLOP *** [6s Js As]
f9130471: checks
6fe40fe3: checks
e99e015e: checks
*** TURN *** [6s Js As] [Tc]
f9130471: bets $0.02
6fe40fe3: folds
e99e015e: folds
Uncalled bet ($0.02) returned to f9130471
*** SHOWDOWN ***
f9130471 collected $0.06 from pot
*** SUMMARY ***
Total pot $0.06 | Rake $0 | Jackpot $0 | Bingo $0 | Fortune $0 | Tax $0
Board [6s Js As Tc]
Seat 1: Hero (button) folded before Flop (didn't bet)
Seat 2: f9130471 (small blind) won ($0.06)
Seat 3: 6fe40fe3 (big blind) folded on the Turn
Seat 4: e99e015e folded on the Turn
Seat 5: f0a5485a folded before Flop (didn't bet)
Seat 6: c35140ef folded before Flop (didn't bet)


Poker Hand #HD50917852: Hold'em No Limit ($0.01/$0.02) - 2024/05/21 20:25:05
Table 'NLHYellow6' 6-max Seat #6 is the button
Seat 1: Hero ($1.04 in chips)
Seat 2: f9130471 ($2.11 in chips)
Seat 3: 6fe40fe3 ($1.47 in chips)
Seat 4: e99e015e ($3.38 in chips)
Seat 5: f0a5485a ($2.55 in chips)
Seat 6: c35140ef ($1.57 in chips)
Hero: posts small blind $0.01
f9130471: posts big blind $0.02
*** HOLE CARDS ***
Dealt to Hero [Ks 2c]
Dealt to f9130471 
Dealt to 6fe40fe3 
Dealt to e99e015e 
Dealt to f0a5485a 
Dealt to c35140ef 
6fe40fe3: calls $0.02
e99e015e: folds
f0a5485a: folds
c35140ef: calls $0.02
Hero: folds
f9130471: raises $0.03 to $0.05
6fe40fe3: calls $0.03
c35140ef: calls $0.03
*** FLOP *** [4d Js 7h]
f9130471: checks
6fe40fe3: checks
c35140ef: checks
*** TURN *** [4d Js 7h] [6c]
f9130471: bets $0.06
6fe40fe3: folds
c35140ef: calls $0.06
*** RIVER *** [4d Js 7h 6c] [9h]
f9130471: checks
c35140ef: checks
f9130471: shows [7c Ac] (Pair of Sevens)
c35140ef: shows [6h As] (Pair of Sixes)
*** SHOWDOWN ***
f9130471 collected $0.27 from pot
*** SUMMARY ***
Total pot $0.28 | Rake $0.01 | Jackpot $0 | Bingo $0 | Fortune $0 | Tax $0
Board [4d Js 7h 6c 9h]
Seat 1: Hero (small blind) folded before Flop
Seat 2: f9130471 (big blind) showed [7c Ac] and won ($0.27) with Pair of Sevens
Seat 3: 6fe40fe3 folded on the Turn
Seat 4: e99e015e folded before Flop (didn't bet)
Seat 5: f0a5485a folded before Flop (didn't bet)
Seat 6: c35140ef (button) showed [6h As] and lost with Pair of Sixes


Poker Hand #HD50917837: Hold'em No Limit ($0.01/$0.02) - 2024/05/21 20:24:36
Table 'NLHYellow6' 6-max Seat #5 is the button
Seat 1: Hero ($1.02 in chips)
Seat 2: f9130471 ($2.11 in chips)
Seat 3: 6fe40fe3 ($1.47 in chips)
Seat 4: e99e015e ($3.38 in chips)
Seat 5: f0a5485a ($2.55 in chips)
Seat 6: c35140ef ($1.59 in chips)
c35140ef: posts small blind $0.01
Hero: posts big blind $0.02
*** HOLE CARDS ***
Dealt to Hero [9s Js]
Dealt to f9130471 
Dealt to 6fe40fe3 
Dealt to e99e015e 
Dealt to f0a5485a 
Dealt to c35140ef 
f9130471: folds
6fe40fe3: folds
e99e015e: folds
f0a5485a: folds
c35140ef: calls $0.01
Hero: checks
*** FLOP *** [Ac 8h Td]
c35140ef: checks
Hero: bets $0.02
c35140ef: folds
Uncalled bet ($0.02) returned to Hero
*** SHOWDOWN ***
Hero collected $0.04 from pot
*** SUMMARY ***
Total pot $0.04 | Rake $0 | Jackpot $0 | Bingo $0 | Fortune $0 | Tax $0
Board [Ac 8h Td]
Seat 1: Hero (big blind) won ($0.04)
Seat 2: f9130471 folded before Flop (didn't bet)
Seat 3: 6fe40fe3 folded before Flop (didn't bet)
Seat 4: e99e015e folded before Flop (didn't bet)
Seat 5: f0a5485a (button) folded before Flop (didn't bet)
Seat 6: c35140ef (small blind) folded on the Flop


Poker Hand #HD50917818: Hold'em No Limit ($0.01/$0.02) - 2024/05/21 20:23:46
Table 'NLHYellow6' 6-max Seat #4 is the button
Seat 1: Hero ($1.16 in chips)
Seat 2: f9130471 ($2.25 in chips)
Seat 3: 6fe40fe3 ($1.18 in chips)
Seat 4: e99e015e ($3.38 in chips)
Seat 5: f0a5485a ($2.56 in chips)
Seat 6: c35140ef ($1.61 in chips)
f0a5485a: posts small blind $0.01
c35140ef: posts big blind $0.02
*** HOLE CARDS ***
Dealt to Hero [Ks Jh]
Dealt to f9130471 
Dealt to 6fe40fe3 
Dealt to e99e015e 
Dealt to f0a5485a 
Dealt to c35140ef 
Hero: raises $0.03 to $0.05
f9130471: calls $0.05
6fe40fe3: raises $0.09 to $0.14
e99e015e: folds
f0a5485a: folds
c35140ef: folds
Hero: calls $0.09
f9130471: calls $0.09
*** FLOP *** [7s Qh 2h]
Hero: checks
f9130471: checks
6fe40fe3: bets $1.04 and is all-in
Hero: folds
f9130471: folds
Uncalled bet ($1.04) returned to 6fe40fe3
*** SHOWDOWN ***
6fe40fe3 collected $0.43 from pot
*** SUMMARY ***
Total pot $0.45 | Rake $0.02 | Jackpot $0 | Bingo $0 | Fortune $0 | Tax $0
Board [7s Qh 2h]
Seat 1: Hero folded on the Flop
Seat 2: f9130471 folded on the Flop
Seat 3: 6fe40fe3 won ($0.43)
Seat 4: e99e015e (button) folded before Flop (didn't bet)
Seat 5: f0a5485a (small blind) folded before Flop
Seat 6: c35140ef (big blind) folded before Flop


Poker Hand #HD50917812: Hold'em No Limit ($0.01/$0.02) - 2024/05/21 20:23:21
Table 'NLHYellow6' 6-max Seat #3 is the button
Seat 1: Hero ($1.16 in chips)
Seat 2: f9130471 ($2.25 in chips)
Seat 3: 6fe40fe3 ($1.26 in chips)
Seat 4: e99e015e ($3.28 in chips)
Seat 5: f0a5485a ($2.58 in chips)
Seat 6: c35140ef ($1.61 in chips)
e99e015e: posts small blind $0.01
f0a5485a: posts big blind $0.02
*** HOLE CARDS ***
Dealt to Hero [Kc 8s]
Dealt to f9130471 
Dealt to 6fe40fe3 
Dealt to e99e015e 
Dealt to f0a5485a 
Dealt to c35140ef 
c35140ef: folds
Hero: folds
f9130471: folds
6fe40fe3: calls $0.02
e99e015e: raises $0.06 to $0.08
f0a5485a: folds
6fe40fe3: calls $0.06
*** FLOP *** [4h 3h Qs]
e99e015e: bets $0.09
6fe40fe3: folds
Uncalled bet ($0.09) returned to e99e015e
*** SHOWDOWN ***
e99e015e collected $0.18 from pot
*** SUMMARY ***
Total pot $0.18 | Rake $0 | Jackpot $0 | Bingo $0 | Fortune $0 | Tax $0
Board [4h 3h Qs]
Seat 1: Hero folded before Flop (didn't bet)
Seat 2: f9130471 folded before Flop (didn't bet)
Seat 3: 6fe40fe3 (button) folded on the Flop
Seat 4: e99e015e (small blind) won ($0.18)
Seat 5: f0a5485a (big blind) folded before Flop
Seat 6: c35140ef folded before Flop (didn't bet)


Poker Hand #HD50917801: Hold'em No Limit ($0.01/$0.02) - 2024/05/21 20:22:56
Table 'NLHYellow6' 6-max Seat #2 is the button
Seat 1: Hero ($1.13 in chips)
Seat 2: f9130471 ($2.25 in chips)
Seat 3: 6fe40fe3 ($1.27 in chips)
Seat 4: e99e015e ($3.3 in chips)
Seat 5: f0a5485a ($2.58 in chips)
Seat 6: c35140ef ($1.61 in chips)
6fe40fe3: posts small blind $0.01
e99e015e: posts big blind $0.02
*** HOLE CARDS ***
Dealt to Hero [9d Td]
Dealt to f9130471 
Dealt to 6fe40fe3 
Dealt to e99e015e 
Dealt to f0a5485a 
Dealt to c35140ef 
f0a5485a: folds
c35140ef: folds
Hero: raises $0.03 to $0.05
f9130471: folds
6fe40fe3: folds
e99e015e: folds
Uncalled bet ($0.03) returned to Hero
*** SHOWDOWN ***
Hero collected $0.05 from pot
*** SUMMARY ***
Total pot $0.05 | Rake $0 | Jackpot $0 | Bingo $0 | Fortune $0 | Tax $0
Seat 1: Hero collected ($0.05)
Seat 2: f9130471 (button) folded before Flop (didn't bet)
Seat 3: 6fe40fe3 (small blind) folded before Flop
Seat 4: e99e015e (big blind) folded before Flop
Seat 5: f0a5485a folded before Flop (didn't bet)
Seat 6: c35140ef folded before Flop (didn't bet)


Poker Hand #HD50917773: Hold'em No Limit ($0.01/$0.02) - 2024/05/21 20:21:53
Table 'NLHYellow6' 6-max Seat #1 is the button
Seat 1: Hero ($1.13 in chips)
Seat 2: f9130471 ($1.83 in chips)
Seat 3: 6fe40fe3 ($1.7 in chips)
Seat 4: e99e015e ($3.3 in chips)
Seat 5: f0a5485a ($2.63 in chips)
Seat 6: c35140ef ($1.61 in chips)
f9130471: posts small blind $0.01
6fe40fe3: posts big blind $0.02
*** HOLE CARDS ***
Dealt to Hero [Ts 7s]
Dealt to f9130471 
Dealt to 6fe40fe3 
Dealt to e99e015e 
Dealt to f0a5485a 
Dealt to c35140ef 
e99e015e: folds
f0a5485a: raises $0.03 to $0.05
c35140ef: folds
Hero: folds
f9130471: calls $0.04
6fe40fe3: calls $0.03
*** FLOP *** [Ac Js 2c]
f9130471: checks
6fe40fe3: checks
f0a5485a: checks
*** TURN *** [Ac Js 2c] [9h]
f9130471: checks
6fe40fe3: checks
f0a5485a: checks
*** RIVER *** [Ac Js 2c 9h] [Ah]
f9130471: checks
6fe40fe3: bets $0.15
f0a5485a: folds
f9130471: raises $0.23 to $0.38
6fe40fe3: calls $0.23
f9130471: shows [Jh Jc] (Jacks Full over Aces)
6fe40fe3: shows [5c Ad] (Three Aces)
*** SHOWDOWN ***
f9130471 collected $0.85 from pot
*** SUMMARY ***
Total pot $0.91 | Rake $0.04 | Jackpot $0.02 | Bingo $0 | Fortune $0 | Tax $0
Board [Ac Js 2c 9h Ah]
Seat 1: Hero (button) folded before Flop (didn't bet)
Seat 2: f9130471 (small blind) showed [Jh Jc] and won ($0.85) with Jacks Full over Aces
Seat 3: 6fe40fe3 (big blind) showed [5c Ad] and lost with Three Aces
Seat 4: e99e015e folded before Flop (didn't bet)
Seat 5: f0a5485a folded on the River
Seat 6: c35140ef folded before Flop (didn't bet)


Poker Hand #HD50917755: Hold'em No Limit ($0.01/$0.02) - 2024/05/21 20:21:13
Table 'NLHYellow6' 6-max Seat #6 is the button
Seat 1: Hero ($1.14 in chips)
Seat 2: f9130471 ($1.85 in chips)
Seat 3: 6fe40fe3 ($1.7 in chips)
Seat 4: e99e015e ($3.2 in chips)
Seat 5: f0a5485a ($2.63 in chips)
Seat 6: c35140ef ($1.68 in chips)
Hero: posts small blind $0.01
f9130471: posts big blind $0.02
*** HOLE CARDS ***
Dealt to Hero [Tc 2c]
Dealt to f9130471 
Dealt to 6fe40fe3 
Dealt to e99e015e 
Dealt to f0a5485a 
Dealt to c35140ef 
6fe40fe3: folds
e99e015e: raises $0.05 to $0.07
f0a5485a: folds
c35140ef: calls $0.07
Hero: folds
f9130471: folds
*** FLOP *** [6s 8c 5d]
e99e015e: checks
c35140ef: checks
*** TURN *** [6s 8c 5d] [3s]
e99e015e: bets $0.09
c35140ef: folds
Uncalled bet ($0.09) returned to e99e015e
*** SHOWDOWN ***
e99e015e collected $0.17 from pot
*** SUMMARY ***
Total pot $0.17 | Rake $0 | Jackpot $0 | Bingo $0 | Fortune $0 | Tax $0
Board [6s 8c 5d 3s]
Seat 1: Hero (small blind) folded before Flop
Seat 2: f9130471 (big blind) folded before Flop
Seat 3: 6fe40fe3 folded before Flop (didn't bet)
Seat 4: e99e015e won ($0.17)
Seat 5: f0a5485a folded before Flop (didn't bet)
Seat 6: c35140ef (button) folded on the Turn


Poker Hand #HD50917727: Hold'em No Limit ($0.01/$0.02) - 2024/05/21 20:19:57
Table 'NLHYellow6' 6-max Seat #5 is the button
Seat 1: Hero ($1.16 in chips)
Seat 2: f9130471 ($1.33 in chips)
Seat 3: 6fe40fe3 ($1.83 in chips)
Seat 4: e99e015e ($3.2 in chips)
Seat 5: f0a5485a ($2.63 in chips)
Seat 6: c35140ef ($2.12 in chips)
c35140ef: posts small blind $0.01
Hero: posts big blind $0.02
*** HOLE CARDS ***
Dealt to Hero [8h Ks]
Dealt to f9130471 
Dealt to 6fe40fe3 
Dealt to e99e015e 
Dealt to f0a5485a 
Dealt to c35140ef 
f9130471: raises $0.04 to $0.06
6fe40fe3: calls $0.06
e99e015e: folds
f0a5485a: folds
c35140ef: calls $0.05
Hero: folds
*** FLOP *** [8d 5c 9h]
c35140ef: checks
f9130471: bets $0.07
6fe40fe3: calls $0.07
c35140ef: calls $0.07
*** TURN *** [8d 5c 9h] [Kd]
c35140ef: checks
f9130471: bets $0.31
6fe40fe3: folds
c35140ef: calls $0.31
*** RIVER *** [8d 5c 9h Kd] [9s]
c35140ef: checks
f9130471: checks
c35140ef: shows [3d 4d] (Pair of Nines)
f9130471: shows [Ad 7d] (Pair of Nines)
*** SHOWDOWN ***
f9130471 collected $0.96 from pot
*** SUMMARY ***
Total pot $1.03 | Rake $0.05 | Jackpot $0.02 | Bingo $0 | Fortune $0 | Tax $0
Board [8d 5c 9h Kd 9s]
Seat 1: Hero (big blind) folded before Flop
Seat 2: f9130471 showed [Ad 7d] and won ($0.96) with Pair of Nines
Seat 3: 6fe40fe3 folded on the Turn
Seat 4: e99e015e folded before Flop (didn't bet)
Seat 5: f0a5485a (button) folded before Flop (didn't bet)
Seat 6: c35140ef (small blind) showed [3d 4d] and lost with Pair of Nines


Poker Hand #HD50917716: Hold'em No Limit ($0.01/$0.02) - 2024/05/21 20:19:29
Table 'NLHYellow6' 6-max Seat #4 is the button
Seat 1: Hero ($1.16 in chips)
Seat 2: f9130471 ($1.33 in chips)
Seat 3: 6fe40fe3 ($1.85 in chips)
Seat 4: e99e015e ($3.2 in chips)
Seat 5: f0a5485a ($2.64 in chips)
Seat 6: c35140ef ($2.09 in chips)
f0a5485a: posts small blind $0.01
c35140ef: posts big blind $0.02
*** HOLE CARDS ***
Dealt to Hero [9d 5h]
Dealt to f9130471 
Dealt to 6fe40fe3 
Dealt to e99e015e 
Dealt to f0a5485a 
Dealt to c35140ef 
Hero: folds
f9130471: folds
6fe40fe3: calls $0.02
e99e015e: folds
f0a5485a: folds
c35140ef: checks
*** FLOP *** [8h 3s 3h]
c35140ef: checks
6fe40fe3: checks
*** TURN *** [8h 3s 3h] [4c]
c35140ef: bets $0.04
6fe40fe3: folds
Uncalled bet ($0.04) returned to c35140ef
*** SHOWDOWN ***
c35140ef collected $0.05 from pot
*** SUMMARY ***
Total pot $0.05 | Rake $0 | Jackpot $0 | Bingo $0 | Fortune $0 | Tax $0
Board [8h 3s 3h 4c]
Seat 1: Hero folded before Flop (didn't bet)
Seat 2: f9130471 folded before Flop (didn't bet)
Seat 3: 6fe40fe3 folded on the Turn
Seat 4: e99e015e (button) folded before Flop (didn't bet)
Seat 5: f0a5485a (small blind) folded before Flop
Seat 6: c35140ef (big blind) won ($0.05)


Poker Hand #HD50917709: Hold'em No Limit ($0.01/$0.02) - 2024/05/21 20:19:10
Table 'NLHYellow6' 6-max Seat #3 is the button
Seat 1: Hero ($1.16 in chips)
Seat 2: f9130471 ($1.33 in chips)
Seat 3: 6fe40fe3 ($1.82 in chips)
Seat 4: e99e015e ($3.21 in chips)
Seat 5: f0a5485a ($2.66 in chips)
Seat 6: c35140ef ($2.09 in chips)
e99e015e: posts small blind $0.01
f0a5485a: posts big blind $0.02
*** HOLE CARDS ***
Dealt to Hero [Th 4d]
Dealt to f9130471 
Dealt to 6fe40fe3 
Dealt to e99e015e 
Dealt to f0a5485a 
Dealt to c35140ef 
c35140ef: folds
Hero: folds
f9130471: folds
6fe40fe3: raises $0.02 to $0.04
e99e015e: folds
f0a5485a: folds
Uncalled bet ($0.02) returned to 6fe40fe3
*** SHOWDOWN ***
6fe40fe3 collected $0.05 from pot
*** SUMMARY ***
Total pot $0.05 | Rake $0 | Jackpot $0 | Bingo $0 | Fortune $0 | Tax $0
Seat 1: Hero folded before Flop (didn't bet)
Seat 2: f9130471 folded before Flop (didn't bet)
Seat 3: 6fe40fe3 (button) collected ($0.05)
Seat 4: e99e015e (small blind) folded before Flop
Seat 5: f0a5485a (big blind) folded before Flop
Seat 6: c35140ef folded before Flop (didn't bet)


Poker Hand #HD50917667: Hold'em No Limit ($0.01/$0.02) - 2024/05/21 20:17:51
Table 'NLHYellow6' 6-max Seat #2 is the button
Seat 1: Hero ($1.16 in chips)
Seat 2: f9130471 ($1.62 in chips)
Seat 3: 6fe40fe3 ($1.83 in chips)
Seat 4: e99e015e ($3.5 in chips)
Seat 5: f0a5485a ($2.13 in chips)
Seat 6: c35140ef ($2.09 in chips)
6fe40fe3: posts small blind $0.01
e99e015e: posts big blind $0.02
*** HOLE CARDS ***
Dealt to Hero [2c As]
Dealt to f9130471 
Dealt to 6fe40fe3 
Dealt to e99e015e 
Dealt to f0a5485a 
Dealt to c35140ef 
f0a5485a: raises $0.03 to $0.05
c35140ef: folds
Hero: folds
f9130471: calls $0.05
6fe40fe3: folds
e99e015e: calls $0.03
*** FLOP *** [Qh Th 6c]
e99e015e: bets $0.08
f0a5485a: raises $0.16 to $0.24
f9130471: calls $0.24
e99e015e: calls $0.16
*** TURN *** [Qh Th 6c] [5s]
e99e015e: checks
f0a5485a: bets $0.88
f9130471: folds
e99e015e: folds
Uncalled bet ($0.88) returned to f0a5485a
*** SHOWDOWN ***
f0a5485a collected $0.82 from pot
*** SUMMARY ***
Total pot $0.88 | Rake $0.04 | Jackpot $0.02 | Bingo $0 | Fortune $0 | Tax $0
Board [Qh Th 6c 5s]
Seat 1: Hero folded before Flop (didn't bet)
Seat 2: f9130471 (button) folded on the Turn
Seat 3: 6fe40fe3 (small blind) folded before Flop
Seat 4: e99e015e (big blind) folded on the Turn
Seat 5: f0a5485a won ($0.82)
Seat 6: c35140ef folded before Flop (didn't bet)


Poker Hand #HD50917650: Hold'em No Limit ($0.01/$0.02) - 2024/05/21 20:17:08
Table 'NLHYellow6' 6-max Seat #1 is the button
Seat 1: Hero ($1 in chips)
Seat 2: f9130471 ($1.63 in chips)
Seat 3: 6fe40fe3 ($1.87 in chips)
Seat 4: e99e015e ($3.5 in chips)
Seat 5: f0a5485a ($2.13 in chips)
Seat 6: c35140ef ($2.21 in chips)
f9130471: posts small blind $0.01
6fe40fe3: posts big blind $0.02
*** HOLE CARDS ***
Dealt to Hero [As 7d]
Dealt to f9130471 
Dealt to 6fe40fe3 
Dealt to e99e015e 
Dealt to f0a5485a 
Dealt to c35140ef 
e99e015e: folds
f0a5485a: folds
c35140ef: raises $0.02 to $0.04
Hero: calls $0.04
f9130471: folds
6fe40fe3: calls $0.02
*** FLOP *** [7c Ad 2c]
6fe40fe3: checks
c35140ef: bets $0.08
Hero: raises $0.15 to $0.23
6fe40fe3: folds
c35140ef: folds
Uncalled bet ($0.15) returned to Hero
*** SHOWDOWN ***
Hero collected $0.28 from pot
*** SUMMARY ***
Total pot $0.29 | Rake $0.01 | Jackpot $0 | Bingo $0 | Fortune $0 | Tax $0
Board [7c Ad 2c]
Seat 1: Hero (button) won ($0.28)
Seat 2: f9130471 (small blind) folded before Flop
Seat 3: 6fe40fe3 (big blind) folded on the Flop
Seat 4: e99e015e folded before Flop (didn't bet)
Seat 5: f0a5485a folded before Flop (didn't bet)
Seat 6: c35140ef folded on the Flop


Poker Hand #HD50917626: Hold'em No Limit ($0.01/$0.02) - 2024/05/21 20:16:04
Table 'NLHYellow6' 6-max Seat #6 is the button
Seat 1: Hero ($1.01 in chips)
Seat 2: f9130471 ($1.46 in chips)
Seat 3: 6fe40fe3 ($1.95 in chips)
Seat 4: e99e015e ($3.51 in chips)
Seat 5: f0a5485a ($2.21 in chips)
Seat 6: c35140ef ($2.21 in chips)
Hero: posts small blind $0.01
f9130471: posts big blind $0.02
e99e015e: posts missed blind $0.01
*** HOLE CARDS ***
Dealt to Hero [Kd 4h]
Dealt to f9130471 
Dealt to 6fe40fe3 
Dealt to e99e015e 
Dealt to f0a5485a 
Dealt to c35140ef 
6fe40fe3: calls $0.02
e99e015e: folds
f0a5485a: raises $0.06 to $0.08
c35140ef: folds
Hero: folds
f9130471: calls $0.06
6fe40fe3: calls $0.06
*** FLOP *** [2c 7d 7h]
f9130471: checks
6fe40fe3: checks
f0a5485a: checks
*** TURN *** [2c 7d 7h] [Td]
f9130471: checks
6fe40fe3: checks
f0a5485a: checks
*** RIVER *** [2c 7d 7h Td] [3c]
f9130471: checks
6fe40fe3: checks
f0a5485a: checks
f9130471: shows [Qd 2d] (Pair of Sevens and Pair of Twos)
6fe40fe3: shows [As 8d] (Pair of Sevens)
f0a5485a: shows [Jc Ks] (Pair of Sevens)
*** SHOWDOWN ***
f9130471 collected $0.25 from pot
*** SUMMARY ***
Total pot $0.26 | Rake $0.01 | Jackpot $0 | Bingo $0 | Fortune $0 | Tax $0
Board [2c 7d 7h Td 3c]
Seat 1: Hero (small blind) folded before Flop
Seat 2: f9130471 (big blind) showed [Qd 2d] and won ($0.25) with Pair of Sevens and Pair of Twos
Seat 3: 6fe40fe3 showed [As 8d] and lost with Pair of Sevens
Seat 4: e99e015e folded before Flop
Seat 5: f0a5485a showed [Jc Ks] and lost with Pair of Sevens
Seat 6: c35140ef (button) folded before Flop (didn't bet)


Poker Hand #HD50917610: Hold'em No Limit ($0.01/$0.02) - 2024/05/21 20:15:19
Table 'NLHYellow6' 6-max Seat #5 is the button
Seat 1: Hero ($1.03 in chips)
Seat 2: f9130471 ($1.46 in chips)
Seat 3: 6fe40fe3 ($1.71 in chips)
Seat 5: f0a5485a ($2.44 in chips)
Seat 6: c35140ef ($2.22 in chips)
c35140ef: posts small blind $0.01
Hero: posts big blind $0.02
*** HOLE CARDS ***
Dealt to Hero [2d 4h]
Dealt to f9130471 
Dealt to 6fe40fe3 
Dealt to f0a5485a 
Dealt to c35140ef 
f9130471: folds
6fe40fe3: calls $0.02
f0a5485a: raises $0.06 to $0.08
c35140ef: folds
Hero: folds
6fe40fe3: calls $0.06
*** FLOP *** [6c 7c 2h]
6fe40fe3: checks
f0a5485a: checks
*** TURN *** [6c 7c 2h] [Ah]
6fe40fe3: bets $0.15
f0a5485a: calls $0.15
*** RIVER *** [6c 7c 2h Ah] [3h]
6fe40fe3: bets $0.49
f0a5485a: folds
Uncalled bet ($0.49) returned to 6fe40fe3
*** SHOWDOWN ***
6fe40fe3 collected $0.47 from pot
*** SUMMARY ***
Total pot $0.49 | Rake $0.02 | Jackpot $0 | Bingo $0 | Fortune $0 | Tax $0
Board [6c 7c 2h Ah 3h]
Seat 1: Hero (big blind) folded before Flop
Seat 2: f9130471 folded before Flop (didn't bet)
Seat 3: 6fe40fe3 won ($0.47)
Seat 5: f0a5485a (button) folded on the River
Seat 6: c35140ef (small blind) folded before Flop


Poker Hand #HD50917601: Hold'em No Limit ($0.01/$0.02) - 2024/05/21 20:15:06
Table 'NLHYellow6' 6-max Seat #3 is the button
Seat 1: Hero ($1.03 in chips)
Seat 2: f9130471 ($1.46 in chips)
Seat 3: 6fe40fe3 ($1.71 in chips)
Seat 5: f0a5485a ($2.45 in chips)
Seat 6: c35140ef ($2.21 in chips)
f0a5485a: posts small blind $0.01
c35140ef: posts big blind $0.02
*** HOLE CARDS ***
Dealt to Hero [2s 3h]
Dealt to f9130471 
Dealt to 6fe40fe3 
Dealt to f0a5485a 
Dealt to c35140ef 
Hero: folds
f9130471: folds
6fe40fe3: folds
f0a5485a: folds
Uncalled bet ($0.01) returned to c35140ef
*** SHOWDOWN ***
c35140ef collected $0.02 from pot
*** SUMMARY ***
Total pot $0.02 | Rake $0 | Jackpot $0 | Bingo $0 | Fortune $0 | Tax $0
Seat 1: Hero folded before Flop (didn't bet)
Seat 2: f9130471 folded before Flop (didn't bet)
Seat 3: 6fe40fe3 (button) folded before Flop (didn't bet)
Seat 5: f0a5485a (small blind) folded before Flop
Seat 6: c35140ef (big blind) collected ($0.02)


Poker Hand #HD50917584: Hold'em No Limit ($0.01/$0.02) - 2024/05/21 20:14:19
Table 'NLHYellow6' 6-max Seat #2 is the button
Seat 1: Hero ($1.03 in chips)
Seat 2: f9130471 ($1.46 in chips)
Seat 3: 6fe40fe3 ($1.64 in chips)
Seat 4: e99e015e ($3.53 in chips)
Seat 5: f0a5485a ($2.5 in chips)
Seat 6: c35140ef ($2.21 in chips)
6fe40fe3: posts small blind $0.01
e99e015e: posts big blind $0.02
*** HOLE CARDS ***
Dealt to Hero [Td Kh]
Dealt to f9130471 
Dealt to 6fe40fe3 
Dealt to e99e015e 
Dealt to f0a5485a 
Dealt to c35140ef 
f0a5485a: raises $0.03 to $0.05
c35140ef: folds
Hero: folds
f9130471: folds
6fe40fe3: calls $0.04
e99e015e: folds
*** FLOP *** [9d 8h Ah]
6fe40fe3: checks
f0a5485a: checks
*** TURN *** [9d 8h Ah] [8c]
6fe40fe3: checks
f0a5485a: checks
*** RIVER *** [9d 8h Ah 8c] [Ks]
6fe40fe3: bets $0.09
f0a5485a: folds
Uncalled bet ($0.09) returned to 6fe40fe3
*** SHOWDOWN ***
6fe40fe3 collected $0.12 from pot
*** SUMMARY ***
Total pot $0.12 | Rake $0 | Jackpot $0 | Bingo $0 | Fortune $0 | Tax $0
Board [9d 8h Ah 8c Ks]
Seat 1: Hero folded before Flop (didn't bet)
Seat 2: f9130471 (button) folded before Flop (didn't bet)
Seat 3: 6fe40fe3 (small blind) won ($0.12)
Seat 4: e99e015e (big blind) folded before Flop
Seat 5: f0a5485a folded on the River
Seat 6: c35140ef folded before Flop (didn't bet)


Poker Hand #HD50917573: Hold'em No Limit ($0.01/$0.02) - 2024/05/21 20:14:01
Table 'NLHYellow6' 6-max Seat #1 is the button
Seat 1: Hero ($1.03 in chips)
Seat 2: f9130471 ($1.47 in chips)
Seat 3: 6fe40fe3 ($1.66 in chips)
Seat 4: e99e015e ($3.53 in chips)
Seat 5: f0a5485a ($2.5 in chips)
Seat 6: c35140ef ($2.18 in chips)
f9130471: posts small blind $0.01
6fe40fe3: posts big blind $0.02
*** HOLE CARDS ***
Dealt to Hero [7h 6c]
Dealt to f9130471 
Dealt to 6fe40fe3 
Dealt to e99e015e 
Dealt to f0a5485a 
Dealt to c35140ef 
e99e015e: folds
f0a5485a: folds
c35140ef: raises $0.04 to $0.06
Hero: folds
f9130471: folds
6fe40fe3: folds
Uncalled bet ($0.04) returned to c35140ef
*** SHOWDOWN ***
c35140ef collected $0.05 from pot
*** SUMMARY ***
Total pot $0.05 | Rake $0 | Jackpot $0 | Bingo $0 | Fortune $0 | Tax $0
Seat 1: Hero (button) folded before Flop (didn't bet)
Seat 2: f9130471 (small blind) folded before Flop
Seat 3: 6fe40fe3 (big blind) folded before Flop
Seat 4: e99e015e folded before Flop (didn't bet)
Seat 5: f0a5485a folded before Flop (didn't bet)
Seat 6: c35140ef collected ($0.05)


Poker Hand #HD50917553: Hold'em No Limit ($0.01/$0.02) - 2024/05/21 20:13:23
Table 'NLHYellow6' 6-max Seat #6 is the button
Seat 1: Hero ($1.04 in chips)
Seat 2: f9130471 ($1.49 in chips)
Seat 3: 6fe40fe3 ($1.63 in chips)
Seat 4: e99e015e ($3.53 in chips)
Seat 5: f0a5485a ($2.5 in chips)
Seat 6: c35140ef ($2.18 in chips)
Hero: posts small blind $0.01
f9130471: posts big blind $0.02
*** HOLE CARDS ***
Dealt to Hero [4c 2c]
Dealt to f9130471 
Dealt to 6fe40fe3 
Dealt to e99e015e 
Dealt to f0a5485a 
Dealt to c35140ef 
6fe40fe3: calls $0.02
e99e015e: folds
f0a5485a: folds
c35140ef: folds
Hero: folds
f9130471: checks
*** FLOP *** [7s Jd 8d]
f9130471: checks
6fe40fe3: checks
*** TURN *** [7s Jd 8d] [Ac]
f9130471: checks
6fe40fe3: checks
*** RIVER *** [7s Jd 8d Ac] [Qh]
f9130471: checks
6fe40fe3: bets $0.05
f9130471: folds
Uncalled bet ($0.05) returned to 6fe40fe3
*** SHOWDOWN ***
6fe40fe3 collected $0.05 from pot
*** SUMMARY ***
Total pot $0.05 | Rake $0 | Jackpot $0 | Bingo $0 | Fortune $0 | Tax $0
Board [7s Jd 8d Ac Qh]
Seat 1: Hero (small blind) folded before Flop
Seat 2: f9130471 (big blind) folded on the River
Seat 3: 6fe40fe3 won ($0.05)
Seat 4: e99e015e folded before Flop (didn't bet)
Seat 5: f0a5485a folded before Flop (didn't bet)
Seat 6: c35140ef (button) folded before Flop (didn't bet)


Poker Hand #HD50917536: Hold'em No Limit ($0.01/$0.02) - 2024/05/21 20:12:34
Table 'NLHYellow6' 6-max Seat #5 is the button
Seat 1: Hero ($1.06 in chips)
Seat 2: f9130471 ($1.79 in chips)
Seat 3: 6fe40fe3 ($1.63 in chips)
Seat 4: e99e015e ($3.25 in chips)
Seat 5: f0a5485a ($2.5 in chips)
Seat 6: c35140ef ($2.19 in chips)
c35140ef: posts small blind $0.01
Hero: posts big blind $0.02
*** HOLE CARDS ***
Dealt to Hero [8d 5s]
Dealt to f9130471 
Dealt to 6fe40fe3 
Dealt to e99e015e 
Dealt to f0a5485a 
Dealt to c35140ef 
f9130471: raises $0.04 to $0.06
6fe40fe3: folds
e99e015e: calls $0.06
f0a5485a: folds
c35140ef: folds
Hero: folds
*** FLOP *** [Kh 2c 7c]
f9130471: checks
e99e015e: bets $0.08
f9130471: calls $0.08
*** TURN *** [Kh 2c 7c] [5h]
f9130471: checks
e99e015e: bets $0.16
f9130471: calls $0.16
*** RIVER *** [Kh 2c 7c 5h] [Kd]
f9130471: checks
e99e015e: bets $0.48
f9130471: folds
Uncalled bet ($0.48) returned to e99e015e
*** SHOWDOWN ***
e99e015e collected $0.58 from pot
*** SUMMARY ***
Total pot $0.63 | Rake $0.03 | Jackpot $0.02 | Bingo $0 | Fortune $0 | Tax $0
Board [Kh 2c 7c 5h Kd]
Seat 1: Hero (big blind) folded before Flop
Seat 2: f9130471 folded on the River
Seat 3: 6fe40fe3 folded before Flop (didn't bet)
Seat 4: e99e015e won ($0.58)
Seat 5: f0a5485a (button) folded before Flop (didn't bet)
Seat 6: c35140ef (small blind) folded before Flop


Poker Hand #HD50917518: Hold'em No Limit ($0.01/$0.02) - 2024/05/21 20:11:59
Table 'NLHYellow6' 6-max Seat #4 is the button
Seat 1: Hero ($1.06 in chips)
Seat 2: f9130471 ($1.79 in chips)
Seat 3: 6fe40fe3 ($1.52 in chips)
Seat 4: e99e015e ($3.34 in chips)
Seat 5: f0a5485a ($2.51 in chips)
Seat 6: c35140ef ($2.21 in chips)
f0a5485a: posts small blind $0.01
c35140ef: posts big blind $0.02
*** HOLE CARDS ***
Dealt to Hero [4h 3h]
Dealt to f9130471 
Dealt to 6fe40fe3 
Dealt to e99e015e 
Dealt to f0a5485a 
Dealt to c35140ef 
Hero: folds
f9130471: folds
6fe40fe3: calls $0.02
e99e015e: raises $0.07 to $0.09
f0a5485a: folds
c35140ef: folds
6fe40fe3: raises $1.43 to $1.52 and is all-in
e99e015e: folds
Uncalled bet ($1.43) returned to 6fe40fe3
*** SHOWDOWN ***
6fe40fe3 collected $0.2 from pot
*** SUMMARY ***
Total pot $0.21 | Rake $0.01 | Jackpot $0 | Bingo $0 | Fortune $0 | Tax $0
Seat 1: Hero folded before Flop (didn't bet)
Seat 2: f9130471 folded before Flop (didn't bet)
Seat 3: 6fe40fe3 collected ($0.2)
Seat 4: e99e015e (button) folded before Flop
Seat 5: f0a5485a (small blind) folded before Flop
Seat 6: c35140ef (big blind) folded before Flop


Poker Hand #HD50917504: Hold'em No Limit ($0.01/$0.02) - 2024/05/21 20:11:25
Table 'NLHYellow6' 6-max Seat #3 is the button
Seat 1: Hero ($1.06 in chips)
Seat 2: f9130471 ($1.76 in chips)
Seat 3: 6fe40fe3 ($1.52 in chips)
Seat 4: e99e015e ($3.35 in chips)
Seat 5: f0a5485a ($2.53 in chips)
Seat 6: c35140ef ($2.21 in chips)
e99e015e: posts small blind $0.01
f0a5485a: posts big blind $0.02
*** HOLE CARDS ***
Dealt to Hero [2s 5s]
Dealt to f9130471 
Dealt to 6fe40fe3 
Dealt to e99e015e 
Dealt to f0a5485a 
Dealt to c35140ef 
c35140ef: folds
Hero: folds
f9130471: calls $0.02
6fe40fe3: folds
e99e015e: folds
f0a5485a: checks
*** FLOP *** [Qs Ad Kh]
f0a5485a: checks
f9130471: checks
*** TURN *** [Qs Ad Kh] [2h]
f0a5485a: checks
f9130471: checks
*** RIVER *** [Qs Ad Kh 2h] [2c]
f0a5485a: checks
f9130471: bets $0.05
f0a5485a: folds
Uncalled bet ($0.05) returned to f9130471
*** SHOWDOWN ***
f9130471 collected $0.05 from pot
*** SUMMARY ***
Total pot $0.05 | Rake $0 | Jackpot $0 | Bingo $0 | Fortune $0 | Tax $0
Board [Qs Ad Kh 2h 2c]
Seat 1: Hero folded before Flop (didn't bet)
Seat 2: f9130471 won ($0.05)
Seat 3: 6fe40fe3 (button) folded before Flop (didn't bet)
Seat 4: e99e015e (small blind) folded before Flop
Seat 5: f0a5485a (big blind) folded on the River
Seat 6: c35140ef folded before Flop (didn't bet)


Poker Hand #HD50917486: Hold'em No Limit ($0.01/$0.02) - 2024/05/21 20:10:34
Table 'NLHYellow6' 6-max Seat #2 is the button
Seat 1: Hero ($1.06 in chips)
Seat 2: f9130471 ($1.68 in chips)
Seat 3: 6fe40fe3 ($1.53 in chips)
Seat 4: e99e015e ($3.37 in chips)
Seat 5: f0a5485a ($2.58 in chips)
Seat 6: c35140ef ($2.21 in chips)
6fe40fe3: posts small blind $0.01
e99e015e: posts big blind $0.02
*** HOLE CARDS ***
Dealt to Hero [6d Ks]
Dealt to f9130471 
Dealt to 6fe40fe3 
Dealt to e99e015e 
Dealt to f0a5485a 
Dealt to c35140ef 
f0a5485a: raises $0.03 to $0.05
c35140ef: folds
Hero: folds
f9130471: calls $0.05
6fe40fe3: folds
e99e015e: folds
*** FLOP *** [3s 3c 2d]
f0a5485a: checks
f9130471: checks
*** TURN *** [3s 3c 2d] [Jd]
f0a5485a: checks
f9130471: bets $0.05
f0a5485a: folds
Uncalled bet ($0.05) returned to f9130471
*** SHOWDOWN ***
f9130471 collected $0.13 from pot
*** SUMMARY ***
Total pot $0.13 | Rake $0 | Jackpot $0 | Bingo $0 | Fortune $0 | Tax $0
Board [3s 3c 2d Jd]
Seat 1: Hero folded before Flop (didn't bet)
Seat 2: f9130471 (button) won ($0.13)
Seat 3: 6fe40fe3 (small blind) folded before Flop
Seat 4: e99e015e (big blind) folded before Flop
Seat 5: f0a5485a folded on the Turn
Seat 6: c35140ef folded before Flop (didn't bet)


Poker Hand #HD50917473: Hold'em No Limit ($0.01/$0.02) - 2024/05/21 20:10:06
Table 'NLHYellow6' 6-max Seat #1 is the button
Seat 1: Hero ($1.06 in chips)
Seat 2: f9130471 ($1.66 in chips)
Seat 3: 6fe40fe3 ($1.55 in chips)
Seat 4: e99e015e ($3.37 in chips)
Seat 5: f0a5485a ($2.58 in chips)
Seat 6: c35140ef ($2.21 in chips)
f9130471: posts small blind $0.01
6fe40fe3: posts big blind $0.02
*** HOLE CARDS ***
Dealt to Hero [Qh 3c]
Dealt to f9130471 
Dealt to 6fe40fe3 
Dealt to e99e015e 
Dealt to f0a5485a 
Dealt to c35140ef 
e99e015e: folds
f0a5485a: folds
c35140ef: folds
Hero: folds
f9130471: calls $0.01
6fe40fe3: checks
*** FLOP *** [4s 5d 5c]
f9130471: checks
6fe40fe3: checks
*** TURN *** [4s 5d 5c] [4d]
f9130471: bets $0.02
6fe40fe3: folds
Uncalled bet ($0.02) returned to f9130471
*** SHOWDOWN ***
f9130471 collected $0.04 from pot
*** SUMMARY ***
Total pot $0.04 | Rake $0 | Jackpot $0 | Bingo $0 | Fortune $0 | Tax $0
Board [4s 5d 5c 4d]
Seat 1: Hero (button) folded before Flop (didn't bet)
Seat 2: f9130471 (small blind) won ($0.04)
Seat 3: 6fe40fe3 (big blind) folded on the Turn
Seat 4: e99e015e folded before Flop (didn't bet)
Seat 5: f0a5485a folded before Flop (didn't bet)
Seat 6: c35140ef folded before Flop (didn't bet)


Poker Hand #HD50917451: Hold'em No Limit ($0.01/$0.02) - 2024/05/21 20:09:09
Table 'NLHYellow6' 6-max Seat #6 is the button
Seat 1: Hero ($1.4 in chips)
Seat 2: f9130471 ($2 in chips)
Seat 3: 6fe40fe3 ($1.55 in chips)
Seat 4: e99e015e ($3.37 in chips)
Seat 5: f0a5485a ($1.97 in chips)
Seat 6: c35140ef ($2.21 in chips)
Hero: posts small blind $0.01
f9130471: posts big blind $0.02
*** HOLE CARDS ***
Dealt to Hero [As Td]
Dealt to f9130471 
Dealt to 6fe40fe3 
Dealt to e99e015e 
Dealt to f0a5485a 
Dealt to c35140ef 
6fe40fe3: folds
e99e015e: folds
f0a5485a: raises $0.03 to $0.05
c35140ef: folds
Hero: raises $0.12 to $0.17
f9130471: calls $0.15
f0a5485a: calls $0.12
*** FLOP *** [2d 5c 3s]
Hero: bets $0.17
f9130471: calls $0.17
f0a5485a: raises $0.47 to $0.64
Hero: folds
f9130471: folds
Uncalled bet ($0.47) returned to f0a5485a
*** SHOWDOWN ***
f0a5485a collected $0.95 from pot
*** SUMMARY ***
Total pot $1.02 | Rake $0.05 | Jackpot $0.02 | Bingo $0 | Fortune $0 | Tax $0
Board [2d 5c 3s]
Seat 1: Hero (small blind) folded on the Flop
Seat 2: f9130471 (big blind) folded on the Flop
Seat 3: 6fe40fe3 folded before Flop (didn't bet)
Seat 4: e99e015e folded before Flop (didn't bet)
Seat 5: f0a5485a won ($0.95)
Seat 6: c35140ef (button) folded before Flop (didn't bet)


Poker Hand #HD50917436: Hold'em No Limit ($0.01/$0.02) - 2024/05/21 20:08:39
Table 'NLHYellow6' 6-max Seat #5 is the button
Seat 1: Hero ($1.47 in chips)
Seat 3: 6fe40fe3 ($1.55 in chips)
Seat 4: e99e015e ($3.29 in chips)
Seat 5: f0a5485a ($1.97 in chips)
Seat 6: c35140ef ($2.22 in chips)
c35140ef: posts small blind $0.01
Hero: posts big blind $0.02
*** HOLE CARDS ***
Dealt to Hero [Ks 5s]
Dealt to 6fe40fe3 
Dealt to e99e015e 
Dealt to f0a5485a 
Dealt to c35140ef 
6fe40fe3: folds
e99e015e: raises $0.05 to $0.07
f0a5485a: folds
c35140ef: folds
Hero: calls $0.05
*** FLOP *** [6c 6h 2c]
Hero: checks
e99e015e: bets $0.08
Hero: folds
Uncalled bet ($0.08) returned to e99e015e
*** SHOWDOWN ***
e99e015e collected $0.15 from pot
*** SUMMARY ***
Total pot $0.15 | Rake $0 | Jackpot $0 | Bingo $0 | Fortune $0 | Tax $0
Board [6c 6h 2c]
Seat 1: Hero (big blind) folded on the Flop
Seat 3: 6fe40fe3 folded before Flop (didn't bet)
Seat 4: e99e015e won ($0.15)
Seat 5: f0a5485a (button) folded before Flop (didn't bet)
Seat 6: c35140ef (small blind) folded before Flop


Poker Hand #HD50917419: Hold'em No Limit ($0.01/$0.02) - 2024/05/21 20:08:04
Table 'NLHYellow6' 6-max Seat #4 is the button
Seat 1: Hero ($1.41 in chips)
Seat 3: 6fe40fe3 ($1.55 in chips)
Seat 4: e99e015e ($3.29 in chips)
Seat 5: f0a5485a ($1.98 in chips)
Seat 6: c35140ef ($2.27 in chips)
f0a5485a: posts small blind $0.01
c35140ef: posts big blind $0.02
*** HOLE CARDS ***
Dealt to Hero [Kd As]
Dealt to 6fe40fe3 
Dealt to e99e015e 
Dealt to f0a5485a 
Dealt to c35140ef 
Hero: raises $0.03 to $0.05
6fe40fe3: folds
e99e015e: folds
f0a5485a: folds
c35140ef: calls $0.03
*** FLOP *** [6h Ad 9c]
c35140ef: checks
Hero: bets $0.04
c35140ef: folds
Uncalled bet ($0.04) returned to Hero
*** SHOWDOWN ***
Hero collected $0.11 from pot
*** SUMMARY ***
Total pot $0.11 | Rake $0 | Jackpot $0 | Bingo $0 | Fortune $0 | Tax $0
Board [6h Ad 9c]
Seat 1: Hero won ($0.11)
Seat 3: 6fe40fe3 folded before Flop (didn't bet)
Seat 4: e99e015e (button) folded before Flop (didn't bet)
Seat 5: f0a5485a (small blind) folded before Flop
Seat 6: c35140ef (big blind) folded on the Flop


Poker Hand #HD50917408: Hold'em No Limit ($0.01/$0.02) - 2024/05/21 20:07:36
Table 'NLHYellow6' 6-max Seat #3 is the button
Seat 1: Hero ($1.41 in chips)
Seat 3: 6fe40fe3 ($1.55 in chips)
Seat 4: e99e015e ($3.35 in chips)
Seat 5: f0a5485a ($2 in chips)
Seat 6: c35140ef ($2.19 in chips)
e99e015e: posts small blind $0.01
f0a5485a: posts big blind $0.02
*** HOLE CARDS ***
Dealt to Hero [2s 5c]
Dealt to 6fe40fe3 
Dealt to e99e015e 
Dealt to f0a5485a 
Dealt to c35140ef 
c35140ef: raises $0.04 to $0.06
Hero: folds
6fe40fe3: folds
e99e015e: calls $0.05
f0a5485a: folds
*** FLOP *** [Kc As Qd]
e99e015e: checks
c35140ef: bets $0.12
e99e015e: folds
Uncalled bet ($0.12) returned to c35140ef
*** SHOWDOWN ***
c35140ef collected $0.14 from pot
*** SUMMARY ***
Total pot $0.14 | Rake $0 | Jackpot $0 | Bingo $0 | Fortune $0 | Tax $0
Board [Kc As Qd]
Seat 1: Hero folded before Flop (didn't bet)
Seat 3: 6fe40fe3 (button) folded before Flop (didn't bet)
Seat 4: e99e015e (small blind) folded on the Flop
Seat 5: f0a5485a (big blind) folded before Flop
Seat 6: c35140ef won ($0.14)


Poker Hand #HD50917404: Hold'em No Limit ($0.01/$0.02) - 2024/05/21 20:07:17
Table 'NLHYellow6' 6-max Seat #1 is the button
Seat 1: Hero ($1.41 in chips)
Seat 3: 6fe40fe3 ($1.57 in chips)
Seat 4: e99e015e ($3.33 in chips)
Seat 6: c35140ef ($2.19 in chips)
6fe40fe3: posts small blind $0.01
e99e015e: posts big blind $0.02
*** HOLE CARDS ***
Dealt to Hero [6h 9c]
Dealt to 6fe40fe3 
Dealt to e99e015e 
Dealt to c35140ef 
c35140ef: folds
Hero: folds
6fe40fe3: calls $0.01
e99e015e: raises $0.04 to $0.06
6fe40fe3: folds
Uncalled bet ($0.04) returned to e99e015e
*** SHOWDOWN ***
e99e015e collected $0.04 from pot
*** SUMMARY ***
Total pot $0.04 | Rake $0 | Jackpot $0 | Bingo $0 | Fortune $0 | Tax $0
Seat 1: Hero (button) folded before Flop (didn't bet)
Seat 3: 6fe40fe3 (small blind) folded before Flop
Seat 4: e99e015e (big blind) collected ($0.04)
Seat 6: c35140ef folded before Flop (didn't bet)


Poker Hand #HD50917388: Hold'em No Limit ($0.01/$0.02) - 2024/05/21 20:06:43
Table 'NLHYellow6' 6-max Seat #6 is the button
Seat 1: Hero ($1.47 in chips)
Seat 3: 6fe40fe3 ($1.51 in chips)
Seat 4: e99e015e ($3.33 in chips)
Seat 6: c35140ef ($2.19 in chips)
Hero: posts small blind $0.01
6fe40fe3: posts big blind $0.02
*** HOLE CARDS ***
Dealt to Hero [7h 9h]
Dealt to 6fe40fe3 
Dealt to e99e015e 
Dealt to c35140ef 
e99e015e: folds
c35140ef: folds
Hero: raises $0.04 to $0.06
6fe40fe3: calls $0.04
*** FLOP *** [Qs 2h 2d]
Hero: checks
6fe40fe3: bets $0.06
Hero: folds
Uncalled bet ($0.06) returned to 6fe40fe3
*** SHOWDOWN ***
6fe40fe3 collected $0.12 from pot
*** SUMMARY ***
Total pot $0.12 | Rake $0 | Jackpot $0 | Bingo $0 | Fortune $0 | Tax $0
Board [Qs 2h 2d]
Seat 1: Hero (small blind) folded on the Flop
Seat 3: 6fe40fe3 (big blind) won ($0.12)
Seat 4: e99e015e folded before Flop (didn't bet)
Seat 6: c35140ef (button) folded before Flop (didn't bet)


Poker Hand #HD50917364: Hold'em No Limit ($0.01/$0.02) - 2024/05/21 20:05:27
Table 'NLHYellow6' 6-max Seat #5 is the button
Seat 1: Hero ($1.49 in chips)
Seat 2: cb2566f3 ($0.65 in chips)
Seat 3: 6fe40fe3 ($1.51 in chips)
Seat 4: e99e015e ($2.18 in chips)
Seat 5: c6386639 ($0.57 in chips)
Seat 6: c35140ef ($2.2 in chips)
c35140ef: posts small blind $0.01
Hero: posts big blind $0.02
*** HOLE CARDS ***
Dealt to Hero [7c 3h]
Dealt to cb2566f3 
Dealt to 6fe40fe3 
Dealt to e99e015e 
Dealt to c6386639 
Dealt to c35140ef 
cb2566f3: raises $0.02 to $0.04
6fe40fe3: folds
e99e015e: calls $0.04
c6386639: calls $0.04
c35140ef: folds
Hero: folds
*** FLOP *** [Kd 8d 8h]
cb2566f3: bets $0.61 and is all-in
e99e015e: calls $0.61
c6386639: calls $0.53 and is all-in
cb2566f3: shows [9d 9c] (Pair of Nines and Pair of Eights)
e99e015e: shows [Kh Th] (Pair of Kings and Pair of Eights)
c6386639: shows [Ts Tc] (Pair of Tens and Pair of Eights)
*** TURN *** [Kd 8d 8h] [6s]
*** RIVER *** [Kd 8d 8h 6s] [Qh]
*** SHOWDOWN ***
e99e015e collected $1.64 from pot
e99e015e collected $0.16 from pot
*** SUMMARY ***
Total pot $1.9 | Rake $0.08 | Jackpot $0.02 | Bingo $0 | Fortune $0 | Tax $0
Board [Kd 8d 8h 6s Qh]
Seat 1: Hero (big blind) folded before Flop
Seat 2: cb2566f3 showed [9d 9c] and lost with Pair of Nines and Pair of Eights
Seat 3: 6fe40fe3 folded before Flop (didn't bet)
Seat 4: e99e015e showed [Kh Th] and won ($1.8) with Pair of Kings and Pair of Eights
Seat 5: c6386639 (button) showed [Ts Tc] and lost with Pair of Tens and Pair of Eights
Seat 6: c35140ef (small blind) folded before Flop


Poker Hand #HD50917324: Hold'em No Limit ($0.01/$0.02) - 2024/05/21 20:03:46
Table 'NLHYellow6' 6-max Seat #4 is the button
Seat 1: Hero ($1.54 in chips)
Seat 2: cb2566f3 ($0.65 in chips)
Seat 3: 6fe40fe3 ($1.73 in chips)
Seat 4: e99e015e ($1.01 in chips)
Seat 5: c6386639 ($0.58 in chips)
Seat 6: c35140ef ($3.21 in chips)
c6386639: posts small blind $0.01
c35140ef: posts big blind $0.02
*** HOLE CARDS ***
Dealt to Hero [4c 4s]
Dealt to cb2566f3 
Dealt to 6fe40fe3 
Dealt to e99e015e 
Dealt to c6386639 
Dealt to c35140ef 
Hero: raises $0.03 to $0.05
cb2566f3: folds
6fe40fe3: calls $0.05
e99e015e: calls $0.05
c6386639: folds
c35140ef: raises $0.17 to $0.22
Hero: folds
6fe40fe3: calls $0.17
e99e015e: calls $0.17
*** FLOP *** [Qs 5h 3c]
c35140ef: bets $0.44
6fe40fe3: folds
e99e015e: raises $0.35 to $0.79 and is all-in
c35140ef: calls $0.35
e99e015e: shows [9c Qc] (Pair of Queens)
c35140ef: shows [Kh Ac] (Ace-High)
*** FIRST TURN *** [Qs 5h 3c] [Jd]
*** FIRST RIVER *** [Qs 5h 3c Jd] [7s]
*** SECOND TURN *** [Qs 5h 3c] [Ts]
*** SECOND RIVER *** [Qs 5h 3c Ts] [3d]
*** FIRST SHOWDOWN ***
e99e015e collected $1.09 from pot
*** SECOND SHOWDOWN ***
e99e015e collected $1.09 from pot
*** SUMMARY ***
Total pot $2.3 | Rake $0.1 | Jackpot $0.02 | Bingo $0 | Fortune $0 | Tax $0
Hand was run two times
FIRST Board [Qs 5h 3c Jd 7s]
SECOND Board [Ts 3d]
Seat 1: Hero folded before Flop
Seat 2: cb2566f3 folded before Flop (didn't bet)
Seat 3: 6fe40fe3 folded on the Flop
Seat 4: e99e015e (button) showed [9c Qc] and won ($1.09) with Pair of Queens, and won ($1.09)
Seat 5: c6386639 (small blind) folded before Flop
Seat 6: c35140ef (big blind) showed [Kh Ac] and lost with Ace-High, and lost


Poker Hand #HD50917312: Hold'em No Limit ($0.01/$0.02) - 2024/05/21 20:03:09
Table 'NLHYellow6' 6-max Seat #3 is the button
Seat 1: Hero ($1.44 in chips)
Seat 2: cb2566f3 ($0.65 in chips)
Seat 3: 6fe40fe3 ($1.73 in chips)
Seat 4: e99e015e ($1.06 in chips)
Seat 5: c6386639 ($0.63 in chips)
Seat 6: c35140ef ($3.21 in chips)
e99e015e: posts small blind $0.01
c6386639: posts big blind $0.02
*** HOLE CARDS ***
Dealt to Hero [8c 8s]
Dealt to cb2566f3 
Dealt to 6fe40fe3 
Dealt to e99e015e 
Dealt to c6386639 
Dealt to c35140ef 
c35140ef: folds
Hero: raises $0.03 to $0.05
cb2566f3: folds
6fe40fe3: folds
e99e015e: calls $0.04
c6386639: calls $0.03
*** FLOP *** [Js 4h 3s]
e99e015e: checks
c6386639: checks
Hero: bets $0.08
e99e015e: folds
c6386639: folds
Uncalled bet ($0.08) returned to Hero
*** SHOWDOWN ***
Hero collected $0.15 from pot
*** SUMMARY ***
Total pot $0.15 | Rake $0 | Jackpot $0 | Bingo $0 | Fortune $0 | Tax $0
Board [Js 4h 3s]
Seat 1: Hero won ($0.15)
Seat 2: cb2566f3 folded before Flop (didn't bet)
Seat 3: 6fe40fe3 (button) folded before Flop (didn't bet)
Seat 4: e99e015e (small blind) folded on the Flop
Seat 5: c6386639 (big blind) folded on the Flop
Seat 6: c35140ef folded before Flop (didn't bet)


Poker Hand #HD50917299: Hold'em No Limit ($0.01/$0.02) - 2024/05/21 20:02:31
Table 'NLHYellow6' 6-max Seat #2 is the button
Seat 1: Hero ($1.44 in chips)
Seat 2: cb2566f3 ($0.78 in chips)
Seat 3: 6fe40fe3 ($1.86 in chips)
Seat 4: e99e015e ($0.82 in chips)
Seat 5: c6386639 ($0.63 in chips)
Seat 6: c35140ef ($3.21 in chips)
6fe40fe3: posts small blind $0.01
e99e015e: posts big blind $0.02
*** HOLE CARDS ***
Dealt to Hero [4h 5d]
Dealt to cb2566f3 
Dealt to 6fe40fe3 
Dealt to e99e015e 
Dealt to c6386639 
Dealt to c35140ef 
c6386639: folds
c35140ef: folds
Hero: folds
cb2566f3: calls $0.02
6fe40fe3: raises $0.04 to $0.06
e99e015e: raises $0.07 to $0.13
cb2566f3: calls $0.11
6fe40fe3: calls $0.07
*** FLOP *** [Th 3h 7d]
6fe40fe3: checks
e99e015e: bets $0.2
cb2566f3: folds
6fe40fe3: folds
Uncalled bet ($0.2) returned to e99e015e
*** SHOWDOWN ***
e99e015e collected $0.37 from pot
*** SUMMARY ***
Total pot $0.39 | Rake $0.02 | Jackpot $0 | Bingo $0 | Fortune $0 | Tax $0
Board [Th 3h 7d]
Seat 1: Hero folded before Flop (didn't bet)
Seat 2: cb2566f3 (button) folded on the Flop
Seat 3: 6fe40fe3 (small blind) folded on the Flop
Seat 4: e99e015e (big blind) won ($0.37)
Seat 5: c6386639 folded before Flop (didn't bet)
Seat 6: c35140ef folded before Flop (didn't bet)


Poker Hand #HD50917286: Hold'em No Limit ($0.01/$0.02) - 2024/05/21 20:01:54
Table 'NLHYellow6' 6-max Seat #1 is the button
Seat 1: Hero ($1.38 in chips)
Seat 2: cb2566f3 ($0.79 in chips)
Seat 3: 6fe40fe3 ($1.91 in chips)
Seat 4: e99e015e ($0.82 in chips)
Seat 5: c6386639 ($0.63 in chips)
Seat 6: c35140ef ($3.21 in chips)
cb2566f3: posts small blind $0.01
6fe40fe3: posts big blind $0.02
*** HOLE CARDS ***
Dealt to Hero [Ad 7c]
Dealt to cb2566f3 
Dealt to 6fe40fe3 
Dealt to e99e015e 
Dealt to c6386639 
Dealt to c35140ef 
e99e015e: folds
c6386639: folds
c35140ef: folds
Hero: raises $0.03 to $0.05
cb2566f3: folds
6fe40fe3: calls $0.03
*** FLOP *** [8d Kd Ah]
6fe40fe3: checks
Hero: bets $0.09
6fe40fe3: folds
Uncalled bet ($0.09) returned to Hero
*** SHOWDOWN ***
Hero collected $0.11 from pot
*** SUMMARY ***
Total pot $0.11 | Rake $0 | Jackpot $0 | Bingo $0 | Fortune $0 | Tax $0
Board [8d Kd Ah]
Seat 1: Hero (button) won ($0.11)
Seat 2: cb2566f3 (small blind) folded before Flop
Seat 3: 6fe40fe3 (big blind) folded on the Flop
Seat 4: e99e015e folded before Flop (didn't bet)
Seat 5: c6386639 folded before Flop (didn't bet)
Seat 6: c35140ef folded before Flop (didn't bet)


Poker Hand #HD50917272: Hold'em No Limit ($0.01/$0.02) - 2024/05/21 20:01:12
Table 'NLHYellow6' 6-max Seat #6 is the button
Seat 1: Hero ($1.39 in chips)
Seat 2: cb2566f3 ($0.65 in chips)
Seat 3: 6fe40fe3 ($1.95 in chips)
Seat 4: e99e015e ($0.87 in chips)
Seat 5: c6386639 ($0.63 in chips)
Seat 6: c35140ef ($3.25 in chips)
Hero: posts small blind $0.01
cb2566f3: posts big blind $0.02
e99e015e: posts missed blind $0.01
e99e015e: posts big blind $0.02
*** HOLE CARDS ***
Dealt to Hero [8s 5d]
Dealt to cb2566f3 
Dealt to 6fe40fe3 
Dealt to e99e015e 
Dealt to c6386639 
Dealt to c35140ef 
6fe40fe3: calls $0.02
e99e015e: checks
c6386639: folds
c35140ef: raises $0.02 to $0.04
Hero: folds
cb2566f3: calls $0.02
6fe40fe3: calls $0.02
e99e015e: calls $0.02
*** FLOP *** [3s 5s 7s]
cb2566f3: checks
6fe40fe3: checks
e99e015e: checks
c35140ef: checks
*** TURN *** [3s 5s 7s] [5h]
cb2566f3: checks
6fe40fe3: checks
e99e015e: checks
c35140ef: checks
*** RIVER *** [3s 5s 7s 5h] [2s]
cb2566f3: bets $0.09
6fe40fe3: folds
e99e015e: folds
c35140ef: folds
Uncalled bet ($0.09) returned to cb2566f3
*** SHOWDOWN ***
cb2566f3 collected $0.18 from pot
*** SUMMARY ***
Total pot $0.18 | Rake $0 | Jackpot $0 | Bingo $0 | Fortune $0 | Tax $0
Board [3s 5s 7s 5h 2s]
Seat 1: Hero (small blind) folded before Flop
Seat 2: cb2566f3 (big blind) won ($0.18)
Seat 3: 6fe40fe3 folded on the River
Seat 4: e99e015e folded on the River
Seat 5: c6386639 folded before Flop (didn't bet)
Seat 6: c35140ef (button) folded on the River


Poker Hand #HD50917263: Hold'em No Limit ($0.01/$0.02) - 2024/05/21 20:00:46
Table 'NLHYellow6' 6-max Seat #5 is the button
Seat 1: Hero ($1.41 in chips)
Seat 3: 6fe40fe3 ($1.95 in chips)
Seat 5: c6386639 ($0.65 in chips)
Seat 6: c35140ef ($3.21 in chips)
c35140ef: posts small blind $0.01
Hero: posts big blind $0.02
*** HOLE CARDS ***
Dealt to Hero [7c Qs]
Dealt to 6fe40fe3 
Dealt to c6386639 
Dealt to c35140ef 
6fe40fe3: folds
c6386639: calls $0.02
c35140ef: calls $0.01
Hero: checks
*** FLOP *** [4s 3c 9d]
c35140ef: checks
Hero: checks
c6386639: checks
*** TURN *** [4s 3c 9d] [5s]
c35140ef: bets $0.04
Hero: folds
c6386639: folds
Uncalled bet ($0.04) returned to c35140ef
*** SHOWDOWN ***
c35140ef collected $0.06 from pot
*** SUMMARY ***
Total pot $0.06 | Rake $0 | Jackpot $0 | Bingo $0 | Fortune $0 | Tax $0
Board [4s 3c 9d 5s]
Seat 1: Hero (big blind) folded on the Turn
Seat 3: 6fe40fe3 folded before Flop (didn't bet)
Seat 5: c6386639 (button) folded on the Turn
Seat 6: c35140ef (small blind) won ($0.06)


Poker Hand #HD50917243: Hold'em No Limit ($0.01/$0.02) - 2024/05/21 20:00:01
Table 'NLHYellow6' 6-max Seat #3 is the button
Seat 1: Hero ($1.41 in chips)
Seat 3: 6fe40fe3 ($2.15 in chips)
Seat 5: c6386639 ($0.25 in chips)
Seat 6: c35140ef ($3.46 in chips)
c6386639: posts small blind $0.01
c35140ef: posts big blind $0.02
*** HOLE CARDS ***
Dealt to Hero [5c 7s]
Dealt to 6fe40fe3 
Dealt to c6386639 
Dealt to c35140ef 
Hero: folds
6fe40fe3: calls $0.02
c6386639: calls $0.01
c35140ef: checks
*** FLOP *** [5d 4h Qc]
c6386639: bets $0.03
c35140ef: calls $0.03
6fe40fe3: calls $0.03
*** TURN *** [5d 4h Qc] [6c]
c6386639: bets $0.15
c35140ef: calls $0.15
6fe40fe3: calls $0.15
*** RIVER *** [5d 4h Qc 6c] [4s]
c6386639: bets $0.05 and is all-in
c35140ef: calls $0.05
6fe40fe3: folds
c6386639: shows [Qs Js] (Pair of Queens and Pair of Fours)
c35140ef: shows [Ks 6h] (Pair of Sixes and Pair of Fours)
*** SHOWDOWN ***
c6386639 collected $0.65 from pot
*** SUMMARY ***
Total pot $0.7 | Rake $0.03 | Jackpot $0.02 | Bingo $0 | Fortune $0 | Tax $0
Board [5d 4h Qc 6c 4s]
Seat 1: Hero folded before Flop (didn't bet)
Seat 3: 6fe40fe3 (button) folded on the River
Seat 5: c6386639 (small blind) showed [Qs Js] and won ($0.65) with Pair of Queens and Pair of Fours
Seat 6: c35140ef (big blind) showed [Ks 6h] and lost with Pair of Sixes and Pair of Fours


Poker Hand #HD50917222: Hold'em No Limit ($0.01/$0.02) - 2024/05/21 19:59:12
Table 'NLHYellow6' 6-max Seat #2 is the button
Seat 1: Hero ($1.33 in chips)
Seat 2: 6d075501 ($0.96 in chips)
Seat 3: 6fe40fe3 ($2.16 in chips)
Seat 5: c6386639 ($0.27 in chips)
Seat 6: c35140ef ($3.51 in chips)
6fe40fe3: posts small blind $0.01
c6386639: posts big blind $0.02
*** HOLE CARDS ***
Dealt to Hero [Qd 9d]
Dealt to 6d075501 
Dealt to 6fe40fe3 
Dealt to c6386639 
Dealt to c35140ef 
c35140ef: calls $0.02
Hero: raises $0.03 to $0.05
6d075501: folds
6fe40fe3: folds
c6386639: folds
c35140ef: calls $0.03
*** FLOP *** [7s 9c As]
c35140ef: checks
Hero: bets $0.05
c35140ef: folds
Uncalled bet ($0.05) returned to Hero
*** SHOWDOWN ***
Hero collected $0.13 from pot
*** SUMMARY ***
Total pot $0.13 | Rake $0 | Jackpot $0 | Bingo $0 | Fortune $0 | Tax $0
Board [7s 9c As]
Seat 1: Hero won ($0.13)
Seat 2: 6d075501 (button) folded before Flop (didn't bet)
Seat 3: 6fe40fe3 (small blind) folded before Flop
Seat 5: c6386639 (big blind) folded before Flop
Seat 6: c35140ef folded on the Flop


Poker Hand #HD50917211: Hold'em No Limit ($0.01/$0.02) - 2024/05/21 19:58:45
Table 'NLHYellow6' 6-max Seat #1 is the button
Seat 1: Hero ($1.33 in chips)
Seat 2: 6d075501 ($0.97 in chips)
Seat 3: 6fe40fe3 ($2.18 in chips)
Seat 5: c6386639 ($0.34 in chips)
Seat 6: c35140ef ($3.41 in chips)
6d075501: posts small blind $0.01
6fe40fe3: posts big blind $0.02
*** HOLE CARDS ***
Dealt to Hero [5s 7d]
Dealt to 6d075501 
Dealt to 6fe40fe3 
Dealt to c6386639 
Dealt to c35140ef 
c6386639: raises $0.05 to $0.07
c35140ef: calls $0.07
Hero: folds
6d075501: folds
6fe40fe3: folds
*** FLOP *** [9d 4h Ad]
c6386639: checks
c35140ef: bets $0.11
c6386639: folds
Uncalled bet ($0.11) returned to c35140ef
*** SHOWDOWN ***
c35140ef collected $0.17 from pot
*** SUMMARY ***
Total pot $0.17 | Rake $0 | Jackpot $0 | Bingo $0 | Fortune $0 | Tax $0
Board [9d 4h Ad]
Seat 1: Hero (button) folded before Flop (didn't bet)
Seat 2: 6d075501 (small blind) folded before Flop
Seat 3: 6fe40fe3 (big blind) folded before Flop
Seat 5: c6386639 folded on the Flop
Seat 6: c35140ef won ($0.17)


Poker Hand #HD50917199: Hold'em No Limit ($0.01/$0.02) - 2024/05/21 19:58:05
Table 'NLHYellow6' 6-max Seat #6 is the button
Seat 1: Hero ($1.34 in chips)
Seat 2: 6d075501 ($0.92 in chips)
Seat 3: 6fe40fe3 ($2.2 in chips)
Seat 5: c6386639 ($0.34 in chips)
Seat 6: c35140ef ($3.43 in chips)
Hero: posts small blind $0.01
6d075501: posts big blind $0.02
*** HOLE CARDS ***
Dealt to Hero [4d Ts]
Dealt to 6d075501 
Dealt to 6fe40fe3 
Dealt to c6386639 
Dealt to c35140ef 
6fe40fe3: calls $0.02
c6386639: folds
c35140ef: calls $0.02
Hero: folds
6d075501: checks
*** FLOP *** [Tc Ks 9s]
6d075501: checks
6fe40fe3: checks
c35140ef: checks
*** TURN *** [Tc Ks 9s] [3h]
6d075501: bets $0.04
6fe40fe3: folds
c35140ef: folds
Uncalled bet ($0.04) returned to 6d075501
*** SHOWDOWN ***
6d075501 collected $0.07 from pot
*** SUMMARY ***
Total pot $0.07 | Rake $0 | Jackpot $0 | Bingo $0 | Fortune $0 | Tax $0
Board [Tc Ks 9s 3h]
Seat 1: Hero (small blind) folded before Flop
Seat 2: 6d075501 (big blind) won ($0.07)
Seat 3: 6fe40fe3 folded on the Turn
Seat 5: c6386639 folded before Flop (didn't bet)
Seat 6: c35140ef (button) folded on the Turn


Poker Hand #HD50917192: Hold'em No Limit ($0.01/$0.02) - 2024/05/21 19:57:52
Table 'NLHYellow6' 6-max Seat #5 is the button
Seat 1: Hero ($1.36 in chips)
Seat 2: 6d075501 ($0.92 in chips)
Seat 3: 6fe40fe3 ($2.2 in chips)
Seat 5: c6386639 ($0.34 in chips)
Seat 6: c35140ef ($3.41 in chips)
c35140ef: posts small blind $0.01
Hero: posts big blind $0.02
*** HOLE CARDS ***
Dealt to Hero [4s 7c]
Dealt to 6d075501 
Dealt to 6fe40fe3 
Dealt to c6386639 
Dealt to c35140ef 
6d075501: folds
6fe40fe3: folds
c6386639: folds
c35140ef: raises $0.04 to $0.06
Hero: folds
Uncalled bet ($0.04) returned to c35140ef
*** SHOWDOWN ***
c35140ef collected $0.04 from pot
*** SUMMARY ***
Total pot $0.04 | Rake $0 | Jackpot $0 | Bingo $0 | Fortune $0 | Tax $0
Seat 1: Hero (big blind) folded before Flop
Seat 2: 6d075501 folded before Flop (didn't bet)
Seat 3: 6fe40fe3 folded before Flop (didn't bet)
Seat 5: c6386639 (button) folded before Flop (didn't bet)
Seat 6: c35140ef (small blind) collected ($0.04)


Poker Hand #HD50917176: Hold'em No Limit ($0.01/$0.02) - 2024/05/21 19:57:02
Table 'NLHYellow6' 6-max Seat #4 is the button
Seat 1: Hero ($1.36 in chips)
Seat 2: 6d075501 ($0.79 in chips)
Seat 3: 6fe40fe3 ($2.2 in chips)
Seat 4: e99e015e ($0.87 in chips)
Seat 5: c6386639 ($0.44 in chips)
Seat 6: c35140ef ($3.45 in chips)
c6386639: posts small blind $0.01
c35140ef: posts big blind $0.02
*** HOLE CARDS ***
Dealt to Hero [Qh 2c]
Dealt to 6d075501 
Dealt to 6fe40fe3 
Dealt to e99e015e 
Dealt to c6386639 
Dealt to c35140ef 
Hero: folds
6d075501: raises $0.02 to $0.04
6fe40fe3: folds
e99e015e: folds
c6386639: calls $0.03
c35140ef: calls $0.02
*** FLOP *** [Qd 3s 2h]
c6386639: checks
c35140ef: checks
6d075501: checks
*** TURN *** [Qd 3s 2h] [Td]
c6386639: bets $0.06
c35140ef: folds
6d075501: raises $0.12 to $0.18
c6386639: folds
Uncalled bet ($0.12) returned to 6d075501
*** SHOWDOWN ***
6d075501 collected $0.23 from pot
*** SUMMARY ***
Total pot $0.24 | Rake $0.01 | Jackpot $0 | Bingo $0 | Fortune $0 | Tax $0
Board [Qd 3s 2h Td]
Seat 1: Hero folded before Flop (didn't bet)
Seat 2: 6d075501 won ($0.23)
Seat 3: 6fe40fe3 folded before Flop (didn't bet)
Seat 4: e99e015e (button) folded before Flop (didn't bet)
Seat 5: c6386639 (small blind) folded on the Turn
Seat 6: c35140ef (big blind) folded on the Turn


Poker Hand #HD50917158: Hold'em No Limit ($0.01/$0.02) - 2024/05/21 19:56:32
Table 'NLHYellow6' 6-max Seat #3 is the button
Seat 1: Hero ($1.36 in chips)
Seat 2: 6d075501 ($0.79 in chips)
Seat 3: 6fe40fe3 ($2.22 in chips)
Seat 4: e99e015e ($0.91 in chips)
Seat 5: c6386639 ($0.38 in chips)
Seat 6: c35140ef ($3.45 in chips)
e99e015e: posts small blind $0.01
c6386639: posts big blind $0.02
*** HOLE CARDS ***
Dealt to Hero [5h Kd]
Dealt to 6d075501 
Dealt to 6fe40fe3 
Dealt to e99e015e 
Dealt to c6386639 
Dealt to c35140ef 
c35140ef: folds
Hero: folds
6d075501: folds
6fe40fe3: calls $0.02
e99e015e: calls $0.01
c6386639: checks
*** FLOP *** [Ac Js Ts]
e99e015e: bets $0.02
c6386639: raises $0.1 to $0.12
6fe40fe3: folds
e99e015e: folds
Uncalled bet ($0.1) returned to c6386639
*** SHOWDOWN ***
c6386639 collected $0.1 from pot
*** SUMMARY ***
Total pot $0.1 | Rake $0 | Jackpot $0 | Bingo $0 | Fortune $0 | Tax $0
Board [Ac Js Ts]
Seat 1: Hero folded before Flop (didn't bet)
Seat 2: 6d075501 folded before Flop (didn't bet)
Seat 3: 6fe40fe3 (button) folded on the Flop
Seat 4: e99e015e (small blind) folded on the Flop
Seat 5: c6386639 (big blind) won ($0.1)
Seat 6: c35140ef folded before Flop (didn't bet)


Poker Hand #HD50917138: Hold'em No Limit ($0.01/$0.02) - 2024/05/21 19:55:43
Table 'NLHYellow6' 6-max Seat #2 is the button
Seat 1: Hero ($1.36 in chips)
Seat 2: 6d075501 ($0.79 in chips)
Seat 3: 6fe40fe3 ($2.44 in chips)
Seat 4: e99e015e ($0.65 in chips)
Seat 5: c6386639 ($0.44 in chips)
Seat 6: c35140ef ($3.45 in chips)
6fe40fe3: posts small blind $0.01
e99e015e: posts big blind $0.02
*** HOLE CARDS ***
Dealt to Hero [6d 2d]
Dealt to 6d075501 
Dealt to 6fe40fe3 
Dealt to e99e015e 
Dealt to c6386639 
Dealt to c35140ef 
c6386639: raises $0.04 to $0.06
c35140ef: folds
Hero: folds
6d075501: folds
6fe40fe3: calls $0.05
e99e015e: calls $0.04
*** FLOP *** [7h 3h Tc]
6fe40fe3: checks
e99e015e: checks
c6386639: checks
*** TURN *** [7h 3h Tc] [4d]
6fe40fe3: bets $0.06
e99e015e: calls $0.06
c6386639: folds
*** RIVER *** [7h 3h Tc 4d] [3s]
6fe40fe3: bets $0.1
e99e015e: raises $0.25 to $0.35
6fe40fe3: folds
Uncalled bet ($0.25) returned to e99e015e
*** SHOWDOWN ***
e99e015e collected $0.48 from pot
*** SUMMARY ***
Total pot $0.5 | Rake $0.02 | Jackpot $0 | Bingo $0 | Fortune $0 | Tax $0
Board [7h 3h Tc 4d 3s]
Seat 1: Hero folded before Flop (didn't bet)
Seat 2: 6d075501 (button) folded before Flop (didn't bet)
Seat 3: 6fe40fe3 (small blind) folded on the River
Seat 4: e99e015e (big blind) won ($0.48)
Seat 5: c6386639 folded on the Turn
Seat 6: c35140ef folded before Flop (didn't bet)


Poker Hand #HD50917106: Hold'em No Limit ($0.01/$0.02) - 2024/05/21 19:54:40
Table 'NLHYellow6' 6-max Seat #1 is the button
Seat 1: Hero ($1.36 in chips)
Seat 2: 6d075501 ($0.57 in chips)
Seat 3: 6fe40fe3 ($2.46 in chips)
Seat 4: e99e015e ($0.72 in chips)
Seat 5: c6386639 ($0.51 in chips)
Seat 6: c35140ef ($3.52 in chips)
6d075501: posts small blind $0.01
6fe40fe3: posts big blind $0.02
*** HOLE CARDS ***
Dealt to Hero [8s 4d]
Dealt to 6d075501 
Dealt to 6fe40fe3 
Dealt to e99e015e 
Dealt to c6386639 
Dealt to c35140ef 
e99e015e: raises $0.05 to $0.07
c6386639: calls $0.07
c35140ef: calls $0.07
Hero: folds
6d075501: calls $0.06
6fe40fe3: folds
*** FLOP *** [Qd Th 2d]
6d075501: checks
e99e015e: checks
c6386639: checks
c35140ef: checks
*** TURN *** [Qd Th 2d] [5s]
6d075501: bets $0.1
e99e015e: folds
c6386639: folds
c35140ef: folds
Uncalled bet ($0.1) returned to 6d075501
*** SHOWDOWN ***
6d075501 collected $0.29 from pot
*** SUMMARY ***
Total pot $0.3 | Rake $0.01 | Jackpot $0 | Bingo $0 | Fortune $0 | Tax $0
Board [Qd Th 2d 5s]
Seat 1: Hero (button) folded before Flop (didn't bet)
Seat 2: 6d075501 (small blind) won ($0.29)
Seat 3: 6fe40fe3 (big blind) folded before Flop
Seat 4: e99e015e folded on the Turn
Seat 5: c6386639 folded on the Turn
Seat 6: c35140ef folded on the Turn


Poker Hand #HD50917079: Hold'em No Limit ($0.01/$0.02) - 2024/05/21 19:53:42
Table 'NLHYellow6' 6-max Seat #6 is the button
Seat 1: Hero ($1.37 in chips)
Seat 2: 6d075501 ($0.5 in chips)
Seat 3: 6fe40fe3 ($2.48 in chips)
Seat 4: e99e015e ($0.72 in chips)
Seat 5: c6386639 ($0.53 in chips)
Seat 6: c35140ef ($3.54 in chips)
Hero: posts small blind $0.01
6d075501: posts big blind $0.02
*** HOLE CARDS ***
Dealt to Hero [8s Tc]
Dealt to 6d075501 
Dealt to 6fe40fe3 
Dealt to e99e015e 
Dealt to c6386639 
Dealt to c35140ef 
6fe40fe3: calls $0.02
e99e015e: folds
c6386639: calls $0.02
c35140ef: calls $0.02
Hero: folds
6d075501: checks
*** FLOP *** [9h 3c Qd]
6d075501: checks
6fe40fe3: checks
c6386639: checks
c35140ef: checks
*** TURN *** [9h 3c Qd] [Qs]
6d075501: bets $0.05
6fe40fe3: folds
c6386639: folds
c35140ef: folds
Uncalled bet ($0.05) returned to 6d075501
*** SHOWDOWN ***
6d075501 collected $0.09 from pot
*** SUMMARY ***
Total pot $0.09 | Rake $0 | Jackpot $0 | Bingo $0 | Fortune $0 | Tax $0
Board [9h 3c Qd Qs]
Seat 1: Hero (small blind) folded before Flop
Seat 2: 6d075501 (big blind) won ($0.09)
Seat 3: 6fe40fe3 folded on the Turn
Seat 4: e99e015e folded before Flop (didn't bet)
Seat 5: c6386639 folded on the Turn
Seat 6: c35140ef (button) folded on the Turn


Poker Hand #HD50917048: Hold'em No Limit ($0.01/$0.02) - 2024/05/21 19:52:37
Table 'NLHYellow6' 6-max Seat #5 is the button
Seat 1: Hero ($2 in chips)
Seat 3: 6fe40fe3 ($1.76 in chips)
Seat 4: e99e015e ($0.81 in chips)
Seat 5: c6386639 ($0.53 in chips)
Seat 6: c35140ef ($3.63 in chips)
c35140ef: posts small blind $0.01
Hero: posts big blind $0.02
*** HOLE CARDS ***
Dealt to Hero [5c 9c]
Dealt to 6fe40fe3 
Dealt to e99e015e 
Dealt to c6386639 
Dealt to c35140ef 
6fe40fe3: calls $0.02
e99e015e: raises $0.07 to $0.09
c6386639: folds
c35140ef: calls $0.08
Hero: calls $0.07
6fe40fe3: calls $0.07
*** FLOP *** [2c 5d As]
c35140ef: checks
Hero: checks
6fe40fe3: bets $0.18
e99e015e: folds
c35140ef: folds
Hero: calls $0.18
*** TURN *** [2c 5d As] [Qh]
Hero: checks
6fe40fe3: checks
*** RIVER *** [2c 5d As Qh] [3s]
Hero: bets $0.36
6fe40fe3: calls $0.36
Hero: shows [5c 9c] (Pair of Fives)
6fe40fe3: shows [Ah Js] (Pair of Aces)
*** SHOWDOWN ***
6fe40fe3 collected $1.35 from pot
*** SUMMARY ***
Total pot $1.44 | Rake $0.07 | Jackpot $0.02 | Bingo $0 | Fortune $0 | Tax $0
Board [2c 5d As Qh 3s]
Seat 1: Hero (big blind) showed [5c 9c] and lost with Pair of Fives
Seat 3: 6fe40fe3 showed [Ah Js] and won ($1.35) with Pair of Aces
Seat 4: e99e015e folded on the Flop
Seat 5: c6386639 (button) folded before Flop (didn't bet)
Seat 6: c35140ef (small blind) folded on the Flop


Poker Hand #HD50917017: Hold'em No Limit ($0.01/$0.02) - 2024/05/21 19:51:25
Table 'NLHYellow6' 6-max Seat #4 is the button
Seat 1: Hero ($2 in chips)
Seat 2: 1638b747 ($4.97 in chips)
Seat 3: 6fe40fe3 ($0.92 in chips)
Seat 4: e99e015e ($1.73 in chips)
Seat 5: c6386639 ($0.54 in chips)
Seat 6: c35140ef ($3.65 in chips)
c6386639: posts small blind $0.01
c35140ef: posts big blind $0.02
*** HOLE CARDS ***
Dealt to Hero [7s 5d]
Dealt to 1638b747 
Dealt to 6fe40fe3 
Dealt to e99e015e 
Dealt to c6386639 
Dealt to c35140ef 
Hero: folds
1638b747: folds
6fe40fe3: calls $0.02
e99e015e: raises $0.07 to $0.09
c6386639: folds
c35140ef: folds
6fe40fe3: calls $0.07
*** FLOP *** [Qh 2h 6d]
6fe40fe3: checks
e99e015e: bets $0.11
6fe40fe3: calls $0.11
*** TURN *** [Qh 2h 6d] [3d]
6fe40fe3: checks
e99e015e: bets $0.33
6fe40fe3: raises $0.39 to $0.72 and is all-in
e99e015e: calls $0.39
6fe40fe3: shows [2s 2c] (Three Twos)
e99e015e: shows [Ad As] (Pair of Aces)
*** RIVER *** [Qh 2h 6d 3d] [Qd]
*** SHOWDOWN ***
6fe40fe3 collected $1.76 from pot
*** SUMMARY ***
Total pot $1.87 | Rake $0.09 | Jackpot $0.02 | Bingo $0 | Fortune $0 | Tax $0
Board [Qh 2h 6d 3d Qd]
Seat 1: Hero folded before Flop (didn't bet)
Seat 2: 1638b747 folded before Flop (didn't bet)
Seat 3: 6fe40fe3 showed [2s 2c] and won ($1.76) with Twos Full over Queens
Seat 4: e99e015e (button) showed [Ad As] and lost with Pair of Aces and Pair of Queens
Seat 5: c6386639 (small blind) folded before Flop
Seat 6: c35140ef (big blind) folded before Flop


Poker Hand #HD50916998: Hold'em No Limit ($0.01/$0.02) - 2024/05/21 19:50:40
Table 'NLHYellow6' 6-max Seat #3 is the button
Seat 1: Hero ($0.34 in chips)
Seat 2: 1638b747 ($4.99 in chips)
Seat 3: 6fe40fe3 ($0.94 in chips)
Seat 4: e99e015e ($1.75 in chips)
Seat 5: c6386639 ($0.48 in chips)
Seat 6: c35140ef ($3.65 in chips)
e99e015e: posts small blind $0.01
c6386639: posts big blind $0.02
*** HOLE CARDS ***
Dealt to Hero [Kd 7c]
Dealt to 1638b747 
Dealt to 6fe40fe3 
Dealt to e99e015e 
Dealt to c6386639 
Dealt to c35140ef 
c35140ef: folds
Hero: folds
1638b747: calls $0.02
6fe40fe3: calls $0.02
e99e015e: calls $0.01
c6386639: checks
*** FLOP *** [2s As 7h]
e99e015e: checks
c6386639: checks
1638b747: checks
6fe40fe3: checks
*** TURN *** [2s As 7h] [Ts]
e99e015e: checks
c6386639: bets $0.06
1638b747: folds
6fe40fe3: folds
e99e015e: folds
Uncalled bet ($0.06) returned to c6386639
*** SHOWDOWN ***
c6386639 collected $0.08 from pot
*** SUMMARY ***
Total pot $0.08 | Rake $0 | Jackpot $0 | Bingo $0 | Fortune $0 | Tax $0
Board [2s As 7h Ts]
Seat 1: Hero folded before Flop (didn't bet)
Seat 2: 1638b747 folded on the Turn
Seat 3: 6fe40fe3 (button) folded on the Turn
Seat 4: e99e015e (small blind) folded on the Turn
Seat 5: c6386639 (big blind) won ($0.08)
Seat 6: c35140ef folded before Flop (didn't bet)


Poker Hand #HD50916987: Hold'em No Limit ($0.01/$0.02) - 2024/05/21 19:50:08
Table 'NLHYellow6' 6-max Seat #2 is the button
Seat 1: Hero ($0.16 in chips)
Seat 2: 1638b747 ($5.15 in chips)
Seat 3: 6fe40fe3 ($0.95 in chips)
Seat 4: e99e015e ($1.77 in chips)
Seat 5: c6386639 ($0.48 in chips)
Seat 6: c35140ef ($3.65 in chips)
6fe40fe3: posts small blind $0.01
e99e015e: posts big blind $0.02
*** HOLE CARDS ***
Dealt to Hero [Ac Kc]
Dealt to 1638b747 
Dealt to 6fe40fe3 
Dealt to e99e015e 
Dealt to c6386639 
Dealt to c35140ef 
c6386639: folds
c35140ef: folds
Hero: raises $0.14 to $0.16 and is all-in
1638b747: calls $0.16
6fe40fe3: folds
e99e015e: folds
Hero: shows [Ac Kc]
1638b747: shows [Qh Qc]
*** FLOP *** [Tc Ah 4s]
*** TURN *** [Tc Ah 4s] [5c]
*** RIVER *** [Tc Ah 4s 5c] [5s]
*** SHOWDOWN ***
Hero collected $0.34 from pot
*** SUMMARY ***
Total pot $0.35 | Rake $0.01 | Jackpot $0 | Bingo $0 | Fortune $0 | Tax $0
Board [Tc Ah 4s 5c 5s]
Seat 1: Hero showed [Ac Kc] and won ($0.34) with Pair of Aces and Pair of Fives
Seat 2: 1638b747 (button) showed [Qh Qc] and lost with Pair of Queens and Pair of Fives
Seat 3: 6fe40fe3 (small blind) folded before Flop
Seat 4: e99e015e (big blind) folded before Flop
Seat 5: c6386639 folded before Flop (didn't bet)
Seat 6: c35140ef folded before Flop (didn't bet)


Poker Hand #HD50916954: Hold'em No Limit ($0.01/$0.02) - 2024/05/21 19:49:01
Table 'NLHYellow6' 6-max Seat #1 is the button
Seat 1: Hero ($0.64 in chips)
Seat 2: 1638b747 ($5.17 in chips)
Seat 3: 6fe40fe3 ($0.48 in chips)
Seat 4: e99e015e ($1.79 in chips)
Seat 5: c6386639 ($0.5 in chips)
Seat 6: c35140ef ($3.65 in chips)
1638b747: posts small blind $0.01
6fe40fe3: posts big blind $0.02
c6386639: posts big blind $0.02
*** HOLE CARDS ***
Dealt to Hero [6s Ks]
Dealt to 1638b747 
Dealt to 6fe40fe3 
Dealt to e99e015e 
Dealt to c6386639 
Dealt to c35140ef 
e99e015e: calls $0.02
c6386639: checks
c35140ef: folds
Hero: calls $0.02
1638b747: calls $0.01
6fe40fe3: checks
*** FLOP *** [6d 4d 3c]
1638b747: checks
6fe40fe3: bets $0.05
e99e015e: folds
c6386639: folds
Hero: raises $0.15 to $0.2
1638b747: folds
6fe40fe3: raises $0.26 to $0.46 and is all-in
Hero: calls $0.26
6fe40fe3: shows [6h 3s] (Pair of Sixes and Pair of Treys)
Hero: shows [6s Ks] (Pair of Sixes)
*** TURN *** [6d 4d 3c] [3h]
*** RIVER *** [6d 4d 3c 3h] [9c]
*** SHOWDOWN ***
6fe40fe3 collected $0.95 from pot
*** SUMMARY ***
Total pot $1.02 | Rake $0.05 | Jackpot $0.02 | Bingo $0 | Fortune $0 | Tax $0
Board [6d 4d 3c 3h 9c]
Seat 1: Hero (button) showed [6s Ks] and lost with Pair of Sixes and Pair of Treys
Seat 2: 1638b747 (small blind) folded on the Flop
Seat 3: 6fe40fe3 (big blind) showed [6h 3s] and won ($0.95) with Treys Full over Sixes
Seat 4: e99e015e folded on the Flop
Seat 5: c6386639 folded on the Flop
Seat 6: c35140ef folded before Flop (didn't bet)


Poker Hand #HD50916940: Hold'em No Limit ($0.01/$0.02) - 2024/05/21 19:48:18
Table 'NLHYellow6' 6-max Seat #6 is the button
Seat 1: Hero ($0.65 in chips)
Seat 2: 1638b747 ($4.15 in chips)
Seat 3: 6fe40fe3 ($0.5 in chips)
Seat 4: e99e015e ($1.79 in chips)
Seat 6: c35140ef ($4.77 in chips)
Hero: posts small blind $0.01
1638b747: posts big blind $0.02
6fe40fe3: posts big blind $0.02
*** HOLE CARDS ***
Dealt to Hero [4c 7d]
Dealt to 1638b747 
Dealt to 6fe40fe3 
Dealt to e99e015e 
Dealt to c35140ef 
6fe40fe3: checks
e99e015e: folds
c35140ef: raises $0.04 to $0.06
Hero: folds
1638b747: calls $0.04
6fe40fe3: folds
*** FLOP *** [7h 2s 4h]
1638b747: checks
c35140ef: bets $0.12
1638b747: calls $0.12
*** TURN *** [7h 2s 4h] [8h]
1638b747: checks
c35140ef: bets $0.32
1638b747: calls $0.32
*** RIVER *** [7h 2s 4h 8h] [Jc]
1638b747: checks
c35140ef: bets $0.62
1638b747: calls $0.62
c35140ef: shows [Ah Ad] (Pair of Aces)
1638b747: shows [8s 4s] (Pair of Eights and Pair of Fours)
*** SHOWDOWN ***
1638b747 collected $2.14 from pot
*** SUMMARY ***
Total pot $2.27 | Rake $0.11 | Jackpot $0.02 | Bingo $0 | Fortune $0 | Tax $0
Board [7h 2s 4h 8h Jc]
Seat 1: Hero (small blind) folded before Flop
Seat 2: 1638b747 (big blind) showed [8s 4s] and won ($2.14) with Pair of Eights and Pair of Fours
Seat 3: 6fe40fe3 folded before Flop
Seat 4: e99e015e folded before Flop (didn't bet)
Seat 6: c35140ef (button) showed [Ah Ad] and lost with Pair of Aces


Poker Hand #HD50916905: Hold'em No Limit ($0.01/$0.02) - 2024/05/21 19:47:11
Table 'NLHYellow6' 6-max Seat #5 is the button
Seat 1: Hero ($2.33 in chips)
Seat 2: 1638b747 ($1.68 in chips)
Seat 4: e99e015e ($1.79 in chips)
Seat 5: 2384a9f1 ($0.99 in chips)
Seat 6: c35140ef ($4.78 in chips)
c35140ef: posts small blind $0.01
Hero: posts big blind $0.02
1638b747: posts big blind $0.02
*** HOLE CARDS ***
Dealt to Hero [5d 5s]
Dealt to 1638b747 
Dealt to e99e015e 
Dealt to 2384a9f1 
Dealt to c35140ef 
1638b747: checks
e99e015e: folds
2384a9f1: raises $0.07 to $0.09
c35140ef: folds
Hero: calls $0.07
1638b747: calls $0.07
*** FLOP *** [5c Ac 6h]
Hero: checks
1638b747: checks
2384a9f1: bets $0.28
Hero: raises $0.84 to $1.12
1638b747: calls $1.12
2384a9f1: calls $0.62 and is all-in
*** TURN *** [5c Ac 6h] [3c]
Hero: bets $1.12 and is all-in
1638b747: calls $0.47 and is all-in
Uncalled bet ($0.65) returned to Hero
Hero: shows [5d 5s] (Three Fives)
1638b747: shows [8c 2c] (Ace High Flush)
2384a9f1: shows [Kc Kh] (Pair of Kings)
*** RIVER *** [5c Ac 6h 3c] [9d]
*** SHOWDOWN ***
1638b747 collected $2.83 from pot
1638b747 collected $1.32 from pot
*** SUMMARY ***
Total pot $4.36 | Rake $0.19 | Jackpot $0.02 | Bingo $0 | Fortune $0 | Tax $0
Board [5c Ac 6h 3c 9d]
Seat 1: Hero (big blind) showed [5d 5s] and lost with Three Fives
Seat 2: 1638b747 showed [8c 2c] and won ($4.15) with Ace High Flush
Seat 4: e99e015e folded before Flop (didn't bet)
Seat 5: 2384a9f1 (button) showed [Kc Kh] and lost with Pair of Kings
Seat 6: c35140ef (small blind) folded before Flop


Poker Hand #HD50916887: Hold'em No Limit ($0.01/$0.02) - 2024/05/21 19:46:39
Table 'NLHYellow6' 6-max Seat #4 is the button
Seat 1: Hero ($2.51 in chips)
Seat 4: e99e015e ($1.97 in chips)
Seat 5: 2384a9f1 ($0.63 in chips)
Seat 6: c35140ef ($4.8 in chips)
2384a9f1: posts small blind $0.01
c35140ef: posts big blind $0.02
*** HOLE CARDS ***
Dealt to Hero [Js Qs]
Dealt to e99e015e 
Dealt to 2384a9f1 
Dealt to c35140ef 
Hero: raises $0.03 to $0.05
e99e015e: raises $0.13 to $0.18
2384a9f1: calls $0.17
c35140ef: folds
Hero: calls $0.13
*** FLOP *** [4c 4d Ad]
2384a9f1: bets $0.45 and is all-in
Hero: folds
e99e015e: folds
Uncalled bet ($0.45) returned to 2384a9f1
*** SHOWDOWN ***
2384a9f1 collected $0.54 from pot
*** SUMMARY ***
Total pot $0.56 | Rake $0.02 | Jackpot $0 | Bingo $0 | Fortune $0 | Tax $0
Board [4c 4d Ad]
Seat 1: Hero folded on the Flop
Seat 4: e99e015e (button) folded on the Flop
Seat 5: 2384a9f1 (small blind) won ($0.54)
Seat 6: c35140ef (big blind) folded before Flop


Poker Hand #HD50916877: Hold'em No Limit ($0.01/$0.02) - 2024/05/21 19:46:28
Table 'NLHYellow6' 6-max Seat #1 is the button
Seat 1: Hero ($2.51 in chips)
Seat 4: e99e015e ($1.98 in chips)
Seat 5: 2384a9f1 ($0.62 in chips)
Seat 6: c35140ef ($4.8 in chips)
e99e015e: posts small blind $0.01
2384a9f1: posts big blind $0.02
*** HOLE CARDS ***
Dealt to Hero [5c Jd]
Dealt to e99e015e 
Dealt to 2384a9f1 
Dealt to c35140ef 
c35140ef: folds
Hero: folds
e99e015e: folds
Uncalled bet ($0.01) returned to 2384a9f1
*** SHOWDOWN ***
2384a9f1 collected $0.02 from pot
*** SUMMARY ***
Total pot $0.02 | Rake $0 | Jackpot $0 | Bingo $0 | Fortune $0 | Tax $0
Seat 1: Hero (button) folded before Flop (didn't bet)
Seat 4: e99e015e (small blind) folded before Flop
Seat 5: 2384a9f1 (big blind) collected ($0.02)
Seat 6: c35140ef folded before Flop (didn't bet)


Poker Hand #HD50916858: Hold'em No Limit ($0.01/$0.02) - 2024/05/21 19:45:43
Table 'NLHYellow6' 6-max Seat #6 is the button
Seat 1: Hero ($2.38 in chips)
Seat 4: e99e015e ($2 in chips)
Seat 5: 2384a9f1 ($0.72 in chips)
Seat 6: c35140ef ($4.82 in chips)
Hero: posts small blind $0.01
e99e015e: posts big blind $0.02
*** HOLE CARDS ***
Dealt to Hero [6h 6s]
Dealt to e99e015e 
Dealt to 2384a9f1 
Dealt to c35140ef 
2384a9f1: calls $0.02
c35140ef: calls $0.02
Hero: calls $0.01
e99e015e: checks
*** FLOP *** [5c Td 4c]
Hero: bets $0.03
e99e015e: folds
2384a9f1: raises $0.05 to $0.08
c35140ef: folds
Hero: calls $0.05
*** TURN *** [5c Td 4c] [3c]
Hero: checks
2384a9f1: checks
*** RIVER *** [5c Td 4c 3c] [6d]
Hero: checks
2384a9f1: checks
Hero: shows [6h 6s] (Three Sixes)
2384a9f1: shows [8d Ts] (Pair of Tens)
c35140ef: shows [7s] (Sevens-High Straight)
*** SHOWDOWN ***
Hero collected $0.23 from pot
*** SUMMARY ***
Total pot $0.24 | Rake $0.01 | Jackpot $0 | Bingo $0 | Fortune $0 | Tax $0
Board [5c Td 4c 3c 6d]
Seat 1: Hero (small blind) showed [6h 6s] and won ($0.23) with Three Sixes
Seat 4: e99e015e (big blind) folded on the Flop
Seat 5: 2384a9f1 showed [8d Ts] and lost with Pair of Tens
Seat 6: c35140ef (button) folded on the Flop


Poker Hand #HD50916834: Hold'em No Limit ($0.01/$0.02) - 2024/05/21 19:44:51
Table 'NLHYellow6' 6-max Seat #5 is the button
Seat 1: Hero ($2.26 in chips)
Seat 5: 2384a9f1 ($0.78 in chips)
Seat 6: c35140ef ($4.88 in chips)
c35140ef: posts small blind $0.01
Hero: posts big blind $0.02
*** HOLE CARDS ***
Dealt to Hero [7s Ad]
Dealt to 2384a9f1 
Dealt to c35140ef 
2384a9f1: calls $0.02
c35140ef: calls $0.01
Hero: checks
*** FLOP *** [Ks 7d Qs]
c35140ef: checks
Hero: checks
2384a9f1: checks
*** TURN *** [Ks 7d Qs] [5h]
c35140ef: bets $0.04
Hero: calls $0.04
2384a9f1: calls $0.04
*** RIVER *** [Ks 7d Qs 5h] [5c]
c35140ef: checks
Hero: checks
2384a9f1: checks
c35140ef: shows [3h 7h] (Pair of Sevens and Pair of Fives)
Hero: shows [7s Ad] (Pair of Sevens and Pair of Fives)
2384a9f1: shows [2d 6s] (Pair of Fives)
*** SHOWDOWN ***
Hero collected $0.18 from pot
*** SUMMARY ***
Total pot $0.18 | Rake $0 | Jackpot $0 | Bingo $0 | Fortune $0 | Tax $0
Board [Ks 7d Qs 5h 5c]
Seat 1: Hero (big blind) showed [7s Ad] and won ($0.18) with Pair of Sevens and Pair of Fives
Seat 5: 2384a9f1 (button) showed [2d 6s] and lost with Pair of Fives
Seat 6: c35140ef (small blind) showed [3h 7h] and lost with Pair of Sevens and Pair of Fives


Poker Hand #HD50916805: Hold'em No Limit ($0.01/$0.02) - 2024/05/21 19:43:42
Table 'NLHYellow6' 6-max Seat #1 is the button
Seat 1: Hero ($2.26 in chips)
Seat 2: 5bba0327 ($1.37 in chips)
Seat 5: 2384a9f1 ($2.64 in chips)
Seat 6: c35140ef ($1.86 in chips)
5bba0327: posts small blind $0.01
2384a9f1: posts big blind $0.02
*** HOLE CARDS ***
Dealt to Hero [2d 8h]
Dealt to 5bba0327 
Dealt to 2384a9f1 
Dealt to c35140ef 
c35140ef: raises $0.04 to $0.06
Hero: folds
5bba0327: raises $0.14 to $0.2
2384a9f1: raises $0.46 to $0.66
c35140ef: raises $1.2 to $1.86 and is all-in
5bba0327: calls $1.17 and is all-in
2384a9f1: calls $1.2
c35140ef: shows [Jc Js]
5bba0327: shows [Qh Th]
2384a9f1: shows [Tc Ts]
*** FLOP *** [Kc 6d 7h]
*** TURN *** [Kc 6d 7h] [4s]
*** RIVER *** [Kc 6d 7h 4s] [As]
*** SHOWDOWN ***
c35140ef collected $3.93 from pot
c35140ef collected $0.95 from pot
*** SUMMARY ***
Total pot $5.09 | Rake $0.19 | Jackpot $0.02 | Bingo $0 | Fortune $0 | Tax $0
Board [Kc 6d 7h 4s As]
Seat 1: Hero (button) folded before Flop (didn't bet)
Seat 2: 5bba0327 (small blind) showed [Qh Th] and lost with Ace-High
Seat 5: 2384a9f1 (big blind) showed [Tc Ts] and lost with Pair of Tens
Seat 6: c35140ef showed [Jc Js] and won ($4.88) with Pair of Jacks


Poker Hand #HD50916763: Hold'em No Limit ($0.01/$0.02) - 2024/05/21 19:42:12
Table 'NLHYellow6' 6-max Seat #6 is the button
Seat 1: Hero ($2.27 in chips)
Seat 2: 5bba0327 ($1.39 in chips)
Seat 3: 14fb95e0 ($1.14 in chips)
Seat 4: e99e015e ($1.08 in chips)
Seat 5: 2384a9f1 ($1.52 in chips)
Seat 6: c35140ef ($1.86 in chips)
Hero: posts small blind $0.01
5bba0327: posts big blind $0.02
*** HOLE CARDS ***
Dealt to Hero [2h Ac]
Dealt to 5bba0327 
Dealt to 14fb95e0 
Dealt to e99e015e 
Dealt to 2384a9f1 
Dealt to c35140ef 
14fb95e0: raises $0.04 to $0.06
e99e015e: raises $0.08 to $0.14
2384a9f1: calls $0.14
c35140ef: folds
Hero: folds
5bba0327: folds
14fb95e0: calls $0.08
*** FLOP *** [3d 7d 2d]
14fb95e0: checks
e99e015e: bets $0.23
2384a9f1: calls $0.23
14fb95e0: folds
*** TURN *** [3d 7d 2d] [5h]
e99e015e: bets $0.71 and is all-in
2384a9f1: calls $0.71
e99e015e: shows [9h 9s] (Pair of Nines)
2384a9f1: shows [4s Kc] (King-High)
*** RIVER *** [3d 7d 2d 5h] [6d]
*** SHOWDOWN ***
2384a9f1 collected $2.2 from pot
*** SUMMARY ***
Total pot $2.33 | Rake $0.11 | Jackpot $0.02 | Bingo $0 | Fortune $0 | Tax $0
Board [3d 7d 2d 5h 6d]
Seat 1: Hero (small blind) folded before Flop
Seat 2: 5bba0327 (big blind) folded before Flop
Seat 3: 14fb95e0 folded on the Flop
Seat 4: e99e015e showed [9h 9s] and lost with Pair of Nines
Seat 5: 2384a9f1 showed [4s Kc] and won ($2.2) with Sevens-High Straight
Seat 6: c35140ef (button) folded before Flop (didn't bet)


Poker Hand #HD50916750: Hold'em No Limit ($0.01/$0.02) - 2024/05/21 19:41:39
Table 'NLHYellow6' 6-max Seat #5 is the button
Seat 1: Hero ($2.29 in chips)
Seat 2: 5bba0327 ($1.27 in chips)
Seat 3: 14fb95e0 ($1.14 in chips)
Seat 4: e99e015e ($1.08 in chips)
Seat 5: 2384a9f1 ($1.62 in chips)
Seat 6: c35140ef ($1.87 in chips)
c35140ef: posts small blind $0.01
Hero: posts big blind $0.02
*** HOLE CARDS ***
Dealt to Hero [6d Th]
Dealt to 5bba0327 
Dealt to 14fb95e0 
Dealt to e99e015e 
Dealt to 2384a9f1 
Dealt to c35140ef 
5bba0327: raises $0.08 to $0.1
14fb95e0: folds
e99e015e: folds
2384a9f1: calls $0.1
c35140ef: folds
Hero: folds
*** FLOP *** [Ad Qs 2h]
5bba0327: bets $1.17 and is all-in
2384a9f1: folds
Uncalled bet ($1.17) returned to 5bba0327
*** SHOWDOWN ***
5bba0327 collected $0.22 from pot
*** SUMMARY ***
Total pot $0.23 | Rake $0.01 | Jackpot $0 | Bingo $0 | Fortune $0 | Tax $0
Board [Ad Qs 2h]
Seat 1: Hero (big blind) folded before Flop
Seat 2: 5bba0327 won ($0.22)
Seat 3: 14fb95e0 folded before Flop (didn't bet)
Seat 4: e99e015e folded before Flop (didn't bet)
Seat 5: 2384a9f1 (button) folded on the Flop
Seat 6: c35140ef (small blind) folded before Flop


Poker Hand #HD50916729: Hold'em No Limit ($0.01/$0.02) - 2024/05/21 19:40:58
Table 'NLHYellow6' 6-max Seat #4 is the button
Seat 1: Hero ($2.29 in chips)
Seat 2: 5bba0327 ($1.27 in chips)
Seat 3: 14fb95e0 ($1.14 in chips)
Seat 4: e99e015e ($1.08 in chips)
Seat 5: 2384a9f1 ($1.65 in chips)
Seat 6: c35140ef ($1.9 in chips)
2384a9f1: posts small blind $0.01
c35140ef: posts big blind $0.02
*** HOLE CARDS ***
Dealt to Hero [3h 2h]
Dealt to 5bba0327 
Dealt to 14fb95e0 
Dealt to e99e015e 
Dealt to 2384a9f1 
Dealt to c35140ef 
Hero: folds
5bba0327: folds
14fb95e0: folds
e99e015e: folds
2384a9f1: calls $0.01
c35140ef: checks
*** FLOP *** [Tc Jd 7d]
2384a9f1: bets $0.04
c35140ef: calls $0.04
*** TURN *** [Tc Jd 7d] [6s]
2384a9f1: bets $0.12
c35140ef: calls $0.12
*** RIVER *** [Tc Jd 7d 6s] [7c]
2384a9f1: bets $0.36
c35140ef: calls $0.36
2384a9f1: shows [8s Jc] (Pair of Jacks and Pair of Sevens)
c35140ef: shows [9d Js] (Pair of Jacks and Pair of Sevens)
*** SHOWDOWN ***
2384a9f1 collected $0.51 from pot
c35140ef collected $0.51 from pot
*** SUMMARY ***
Total pot $1.08 | Rake $0.04 | Jackpot $0.02 | Bingo $0 | Fortune $0 | Tax $0
Board [Tc Jd 7d 6s 7c]
Seat 1: Hero folded before Flop (didn't bet)
Seat 2: 5bba0327 folded before Flop (didn't bet)
Seat 3: 14fb95e0 folded before Flop (didn't bet)
Seat 4: e99e015e (button) folded before Flop (didn't bet)
Seat 5: 2384a9f1 (small blind) showed [8s Jc] and won ($0.51) with Pair of Jacks and Pair of Sevens
Seat 6: c35140ef (big blind) showed [9d Js] and won ($0.51) with Pair of Jacks and Pair of Sevens


Poker Hand #HD50916692: Hold'em No Limit ($0.01/$0.02) - 2024/05/21 19:39:33
Table 'NLHYellow6' 6-max Seat #3 is the button
Seat 1: Hero ($2.29 in chips)
Seat 2: 5bba0327 ($1.35 in chips)
Seat 3: 14fb95e0 ($1.13 in chips)
Seat 4: e99e015e ($1.09 in chips)
Seat 5: 2384a9f1 ($1.63 in chips)
Seat 6: c35140ef ($1.98 in chips)
e99e015e: posts small blind $0.01
2384a9f1: posts big blind $0.02
*** HOLE CARDS ***
Dealt to Hero [5h Ad]
Dealt to 5bba0327 
Dealt to 14fb95e0 
Dealt to e99e015e 
Dealt to 2384a9f1 
Dealt to c35140ef 
c35140ef: calls $0.02
Hero: folds
5bba0327: raises $0.06 to $0.08
14fb95e0: calls $0.08
e99e015e: folds
2384a9f1: calls $0.06
c35140ef: calls $0.06
*** FLOP *** [8s 9h 3d]
2384a9f1: checks
c35140ef: checks
5bba0327: checks
14fb95e0: bets $0.22
2384a9f1: raises $0.58 to $0.8
c35140ef: folds
5bba0327: folds
14fb95e0: raises $0.25 to $1.05 and is all-in
2384a9f1: calls $0.25
14fb95e0: shows [9d Td] (Pair of Nines)
2384a9f1: shows [Ts 9c] (Pair of Nines)
*** TURN *** [8s 9h 3d] [4h]
*** RIVER *** [8s 9h 3d 4h] [Kh]
*** SHOWDOWN ***
2384a9f1 collected $1.15 from pot
14fb95e0 collected $1.14 from pot
*** SUMMARY ***
Total pot $2.43 | Rake $0.12 | Jackpot $0.02 | Bingo $0 | Fortune $0 | Tax $0
Board [8s 9h 3d 4h Kh]
Seat 1: Hero folded before Flop (didn't bet)
Seat 2: 5bba0327 folded on the Flop
Seat 3: 14fb95e0 (button) showed [9d Td] and won ($1.14) with Pair of Nines
Seat 4: e99e015e (small blind) folded before Flop
Seat 5: 2384a9f1 (big blind) showed [Ts 9c] and won ($1.15) with Pair of Nines
Seat 6: c35140ef folded on the Flop


Poker Hand #HD50916680: Hold'em No Limit ($0.01/$0.02) - 2024/05/21 19:39:05
Table 'NLHYellow6' 6-max Seat #2 is the button
Seat 1: Hero ($2.24 in chips)
Seat 2: 5bba0327 ($1.35 in chips)
Seat 3: 14fb95e0 ($1.14 in chips)
Seat 4: e99e015e ($1.11 in chips)
Seat 5: 2384a9f1 ($1.65 in chips)
Seat 6: c35140ef ($1.98 in chips)
14fb95e0: posts small blind $0.01
e99e015e: posts big blind $0.02
*** HOLE CARDS ***
Dealt to Hero [5h 5c]
Dealt to 5bba0327 
Dealt to 14fb95e0 
Dealt to e99e015e 
Dealt to 2384a9f1 
Dealt to c35140ef 
2384a9f1: calls $0.02
c35140ef: folds
Hero: calls $0.02
5bba0327: folds
14fb95e0: folds
e99e015e: checks
*** FLOP *** [7c Js Jd]
e99e015e: checks
2384a9f1: checks
Hero: bets $0.04
e99e015e: folds
2384a9f1: folds
Uncalled bet ($0.04) returned to Hero
*** SHOWDOWN ***
Hero collected $0.07 from pot
*** SUMMARY ***
Total pot $0.07 | Rake $0 | Jackpot $0 | Bingo $0 | Fortune $0 | Tax $0
Board [7c Js Jd]
Seat 1: Hero won ($0.07)
Seat 2: 5bba0327 (button) folded before Flop (didn't bet)
Seat 3: 14fb95e0 (small blind) folded before Flop
Seat 4: e99e015e (big blind) folded on the Flop
Seat 5: 2384a9f1 folded on the Flop
Seat 6: c35140ef folded before Flop (didn't bet)


Poker Hand #HD50916664: Hold'em No Limit ($0.01/$0.02) - 2024/05/21 19:38:22
Table 'NLHYellow6' 6-max Seat #1 is the button
Seat 1: Hero ($2.24 in chips)
Seat 2: 5bba0327 ($1.43 in chips)
Seat 3: 14fb95e0 ($1.16 in chips)
Seat 4: e99e015e ($1.11 in chips)
Seat 5: 2384a9f1 ($1.54 in chips)
Seat 6: c35140ef ($2 in chips)
5bba0327: posts small blind $0.01
14fb95e0: posts big blind $0.02
c35140ef: posts big blind $0.02
*** HOLE CARDS ***
Dealt to Hero [6h 7c]
Dealt to 5bba0327 
Dealt to 14fb95e0 
Dealt to e99e015e 
Dealt to 2384a9f1 
Dealt to c35140ef 
e99e015e: folds
2384a9f1: calls $0.02
c35140ef: checks
Hero: folds
5bba0327: raises $0.04 to $0.06
14fb95e0: folds
2384a9f1: calls $0.04
c35140ef: folds
*** FLOP *** [Qs Td Jd]
5bba0327: checks
2384a9f1: checks
*** TURN *** [Qs Td Jd] [Qc]
5bba0327: checks
2384a9f1: checks
*** RIVER *** [Qs Td Jd Qc] [9c]
5bba0327: bets $0.02
2384a9f1: raises $0.2 to $0.22
5bba0327: folds
Uncalled bet ($0.2) returned to 2384a9f1
*** SHOWDOWN ***
2384a9f1 collected $0.19 from pot
*** SUMMARY ***
Total pot $0.2 | Rake $0.01 | Jackpot $0 | Bingo $0 | Fortune $0 | Tax $0
Board [Qs Td Jd Qc 9c]
Seat 1: Hero (button) folded before Flop (didn't bet)
Seat 2: 5bba0327 (small blind) folded on the River
Seat 3: 14fb95e0 (big blind) folded before Flop
Seat 4: e99e015e folded before Flop (didn't bet)
Seat 5: 2384a9f1 won ($0.19)
Seat 6: c35140ef folded before Flop


Poker Hand #HD50916634: Hold'em No Limit ($0.01/$0.02) - 2024/05/21 19:37:17
Table 'NLHYellow6' 6-max Seat #5 is the button
Seat 1: Hero ($2.25 in chips)
Seat 2: 5bba0327 ($1.61 in chips)
Seat 3: 14fb95e0 ($1.16 in chips)
Seat 4: e99e015e ($1.57 in chips)
Seat 5: 2384a9f1 ($0.96 in chips)
Hero: posts small blind $0.01
5bba0327: posts big blind $0.02
*** HOLE CARDS ***
Dealt to Hero [6c 8h]
Dealt to 5bba0327 
Dealt to 14fb95e0 
Dealt to e99e015e 
Dealt to 2384a9f1 
14fb95e0: folds
e99e015e: raises $0.05 to $0.07
2384a9f1: calls $0.07
Hero: folds
5bba0327: calls $0.05
*** FLOP *** [Tc 7d 3h]
5bba0327: checks
e99e015e: checks
2384a9f1: checks
*** TURN *** [Tc 7d 3h] [2h]
5bba0327: checks
e99e015e: bets $0.11
2384a9f1: calls $0.11
5bba0327: calls $0.11
*** RIVER *** [Tc 7d 3h 2h] [2s]
5bba0327: checks
e99e015e: bets $0.28
2384a9f1: calls $0.28
5bba0327: folds
e99e015e: shows [9h Qh] (Pair of Twos)
2384a9f1: shows [9s 3d] (Pair of Treys and Pair of Twos)
*** SHOWDOWN ***
2384a9f1 collected $1.04 from pot
*** SUMMARY ***
Total pot $1.11 | Rake $0.05 | Jackpot $0.02 | Bingo $0 | Fortune $0 | Tax $0
Board [Tc 7d 3h 2h 2s]
Seat 1: Hero (small blind) folded before Flop
Seat 2: 5bba0327 (big blind) folded on the River
Seat 3: 14fb95e0 folded before Flop (didn't bet)
Seat 4: e99e015e showed [9h Qh] and lost with Pair of Twos
Seat 5: 2384a9f1 (button) showed [9s 3d] and won ($1.04) with Pair of Treys and Pair of Twos


Poker Hand #HD50916616: Hold'em No Limit ($0.01/$0.02) - 2024/05/21 19:36:36
Table 'NLHYellow6' 6-max Seat #4 is the button
Seat 1: Hero ($2.27 in chips)
Seat 2: 5bba0327 ($1.61 in chips)
Seat 3: 14fb95e0 ($1.16 in chips)
Seat 4: e99e015e ($1.57 in chips)
Seat 5: 2384a9f1 ($0.94 in chips)
2384a9f1: posts small blind $0.01
Hero: posts big blind $0.02
*** HOLE CARDS ***
Dealt to Hero [8d Qh]
Dealt to 5bba0327 
Dealt to 14fb95e0 
Dealt to e99e015e 
Dealt to 2384a9f1 
5bba0327: folds
14fb95e0: folds
e99e015e: folds
2384a9f1: calls $0.01
Hero: checks
*** FLOP *** [Th 6s 2h]
2384a9f1: checks
Hero: checks
*** TURN *** [Th 6s 2h] [Jc]
2384a9f1: checks
Hero: checks
*** RIVER *** [Th 6s 2h Jc] [Ah]
2384a9f1: bets $0.04
Hero: folds
Uncalled bet ($0.04) returned to 2384a9f1
*** SHOWDOWN ***
2384a9f1 collected $0.04 from pot
*** SUMMARY ***
Total pot $0.04 | Rake $0 | Jackpot $0 | Bingo $0 | Fortune $0 | Tax $0
Board [Th 6s 2h Jc Ah]
Seat 1: Hero (big blind) folded on the River
Seat 2: 5bba0327 folded before Flop (didn't bet)
Seat 3: 14fb95e0 folded before Flop (didn't bet)
Seat 4: e99e015e (button) folded before Flop (didn't bet)
Seat 5: 2384a9f1 (small blind) won ($0.04)


Poker Hand #HD50916594: Hold'em No Limit ($0.01/$0.02) - 2024/05/21 19:35:48
Table 'NLHYellow6' 6-max Seat #3 is the button
Seat 1: Hero ($2.27 in chips)
Seat 2: 5bba0327 ($1.61 in chips)
Seat 3: 14fb95e0 ($1.16 in chips)
Seat 4: e99e015e ($1.58 in chips)
Seat 5: 2384a9f1 ($0.5 in chips)
Seat 6: 6ee1a5bc ($1.93 in chips)
e99e015e: posts small blind $0.01
2384a9f1: posts big blind $0.02
*** HOLE CARDS ***
Dealt to Hero [Kc Qh]
Dealt to 5bba0327 
Dealt to 14fb95e0 
Dealt to e99e015e 
Dealt to 2384a9f1 
Dealt to 6ee1a5bc 
6ee1a5bc: raises $1.91 to $1.93 and is all-in
Hero: folds
5bba0327: folds
14fb95e0: folds
e99e015e: folds
2384a9f1: calls $0.48 and is all-in
Uncalled bet ($1.43) returned to 6ee1a5bc
6ee1a5bc: shows [Qs Qc]
2384a9f1: shows [Ad As]
*** FLOP *** [8c 4d Ac]
*** TURN *** [8c 4d Ac] [Jh]
*** RIVER *** [8c 4d Ac Jh] [Js]
*** SHOWDOWN ***
2384a9f1 collected $0.94 from pot
*** SUMMARY ***
Total pot $1.01 | Rake $0.05 | Jackpot $0.02 | Bingo $0 | Fortune $0 | Tax $0
Board [8c 4d Ac Jh Js]
Seat 1: Hero folded before Flop (didn't bet)
Seat 2: 5bba0327 folded before Flop (didn't bet)
Seat 3: 14fb95e0 (button) folded before Flop (didn't bet)
Seat 4: e99e015e (small blind) folded before Flop
Seat 5: 2384a9f1 (big blind) showed [Ad As] and won ($0.94) with Aces Full over Jacks
Seat 6: 6ee1a5bc showed [Qs Qc] and lost with Pair of Queens and Pair of Jacks


Poker Hand #HD50916572: Hold'em No Limit ($0.01/$0.02) - 2024/05/21 19:34:53
Table 'NLHYellow6' 6-max Seat #2 is the button
Seat 1: Hero ($2.27 in chips)
Seat 2: 5bba0327 ($1.66 in chips)
Seat 3: 14fb95e0 ($1.17 in chips)
Seat 4: e99e015e ($1.66 in chips)
Seat 6: 6ee1a5bc ($1.97 in chips)
14fb95e0: posts small blind $0.01
e99e015e: posts big blind $0.02
*** HOLE CARDS ***
Dealt to Hero [2d 8s]
Dealt to 5bba0327 
Dealt to 14fb95e0 
Dealt to e99e015e 
Dealt to 6ee1a5bc 
6ee1a5bc: calls $0.02
Hero: folds
5bba0327: raises $0.06 to $0.08
14fb95e0: folds
e99e015e: calls $0.06
6ee1a5bc: calls $0.06
*** FLOP *** [8c Ac 6s]
e99e015e: checks
6ee1a5bc: checks
5bba0327: bets $1.58 and is all-in
e99e015e: folds
6ee1a5bc: calls $1.58
5bba0327: shows [2s As] (Pair of Aces)
6ee1a5bc: shows [Ah 3h] (Pair of Aces)
*** TURN *** [8c Ac 6s] [8h]
*** RIVER *** [8c Ac 6s 8h] [Ts]
*** SHOWDOWN ***
6ee1a5bc collected $1.62 from pot
5bba0327 collected $1.61 from pot
*** SUMMARY ***
Total pot $3.41 | Rake $0.16 | Jackpot $0.02 | Bingo $0 | Fortune $0 | Tax $0
Board [8c Ac 6s 8h Ts]
Seat 1: Hero folded before Flop (didn't bet)
Seat 2: 5bba0327 (button) showed [2s As] and won ($1.61) with Pair of Aces and Pair of Eights
Seat 3: 14fb95e0 (small blind) folded before Flop
Seat 4: e99e015e (big blind) folded on the Flop
Seat 6: 6ee1a5bc showed [Ah 3h] and won ($1.62) with Pair of Aces and Pair of Eights


Poker Hand #HD50916560: Hold'em No Limit ($0.01/$0.02) - 2024/05/21 19:34:21
Table 'NLHYellow6' 6-max Seat #1 is the button
Seat 1: Hero ($2.27 in chips)
Seat 2: 5bba0327 ($1.53 in chips)
Seat 3: 14fb95e0 ($1.19 in chips)
Seat 4: e99e015e ($1.72 in chips)
Seat 6: 6ee1a5bc ($2.03 in chips)
5bba0327: posts small blind $0.01
14fb95e0: posts big blind $0.02
*** HOLE CARDS ***
Dealt to Hero [5c 4h]
Dealt to 5bba0327 
Dealt to 14fb95e0 
Dealt to e99e015e 
Dealt to 6ee1a5bc 
e99e015e: calls $0.02
6ee1a5bc: calls $0.02
Hero: folds
5bba0327: raises $0.04 to $0.06
14fb95e0: folds
e99e015e: calls $0.04
6ee1a5bc: calls $0.04
*** FLOP *** [Jh 3s 7c]
5bba0327: bets $1.47 and is all-in
e99e015e: folds
6ee1a5bc: folds
Uncalled bet ($1.47) returned to 5bba0327
*** SHOWDOWN ***
5bba0327 collected $0.19 from pot
*** SUMMARY ***
Total pot $0.2 | Rake $0.01 | Jackpot $0 | Bingo $0 | Fortune $0 | Tax $0
Board [Jh 3s 7c]
Seat 1: Hero (button) folded before Flop (didn't bet)
Seat 2: 5bba0327 (small blind) won ($0.19)
Seat 3: 14fb95e0 (big blind) folded before Flop
Seat 4: e99e015e folded on the Flop
Seat 6: 6ee1a5bc folded on the Flop


Poker Hand #HD50916554: Hold'em No Limit ($0.01/$0.02) - 2024/05/21 19:34:13
Table 'NLHYellow6' 6-max Seat #6 is the button
Seat 1: Hero ($2.28 in chips)
Seat 2: 5bba0327 ($1.52 in chips)
Seat 3: 14fb95e0 ($1.19 in chips)
Seat 4: e99e015e ($1.72 in chips)
Seat 6: 6ee1a5bc ($2.03 in chips)
Hero: posts small blind $0.01
5bba0327: posts big blind $0.02
*** HOLE CARDS ***
Dealt to Hero [4c 3d]
Dealt to 5bba0327 
Dealt to 14fb95e0 
Dealt to e99e015e 
Dealt to 6ee1a5bc 
14fb95e0: folds
e99e015e: folds
6ee1a5bc: folds
Hero: folds
Uncalled bet ($0.01) returned to 5bba0327
*** SHOWDOWN ***
5bba0327 collected $0.02 from pot
*** SUMMARY ***
Total pot $0.02 | Rake $0 | Jackpot $0 | Bingo $0 | Fortune $0 | Tax $0
Seat 1: Hero (small blind) folded before Flop
Seat 2: 5bba0327 (big blind) collected ($0.02)
Seat 3: 14fb95e0 folded before Flop (didn't bet)
Seat 4: e99e015e folded before Flop (didn't bet)
Seat 6: 6ee1a5bc (button) folded before Flop (didn't bet)


Poker Hand #HD50916549: Hold'em No Limit ($0.01/$0.02) - 2024/05/21 19:34:01
Table 'NLHYellow6' 6-max Seat #4 is the button
Seat 1: Hero ($2.3 in chips)
Seat 2: 5bba0327 ($1.49 in chips)
Seat 3: 14fb95e0 ($1.19 in chips)
Seat 4: e99e015e ($1.72 in chips)
Seat 6: 6ee1a5bc ($2.04 in chips)
6ee1a5bc: posts small blind $0.01
Hero: posts big blind $0.02
*** HOLE CARDS ***
Dealt to Hero [5d As]
Dealt to 5bba0327 
Dealt to 14fb95e0 
Dealt to e99e015e 
Dealt to 6ee1a5bc 
5bba0327: raises $1.47 to $1.49 and is all-in
14fb95e0: folds
e99e015e: folds
6ee1a5bc: folds
Hero: folds
Uncalled bet ($1.47) returned to 5bba0327
*** SHOWDOWN ***
5bba0327 collected $0.05 from pot
*** SUMMARY ***
Total pot $0.05 | Rake $0 | Jackpot $0 | Bingo $0 | Fortune $0 | Tax $0
Seat 1: Hero (big blind) folded before Flop
Seat 2: 5bba0327 collected ($0.05)
Seat 3: 14fb95e0 folded before Flop (didn't bet)
Seat 4: e99e015e (button) folded before Flop (didn't bet)
Seat 6: 6ee1a5bc (small blind) folded before Flop


Poker Hand #HD50916530: Hold'em No Limit ($0.01/$0.02) - 2024/05/21 19:33:15
Table 'NLHYellow6' 6-max Seat #3 is the button
Seat 1: Hero ($2.3 in chips)
Seat 2: 5bba0327 ($1.37 in chips)
Seat 3: 14fb95e0 ($1.19 in chips)
Seat 4: e99e015e ($1.73 in chips)
Seat 5: 385cba17 ($2.16 in chips)
Seat 6: 6ee1a5bc ($2.14 in chips)
e99e015e: posts small blind $0.01
385cba17: posts big blind $0.02
*** HOLE CARDS ***
Dealt to Hero [Qs 2d]
Dealt to 5bba0327 
Dealt to 14fb95e0 
Dealt to e99e015e 
Dealt to 385cba17 
Dealt to 6ee1a5bc 
6ee1a5bc: calls $0.02
Hero: folds
5bba0327: raises $0.08 to $0.1
14fb95e0: folds
e99e015e: folds
385cba17: folds
6ee1a5bc: calls $0.08
*** FLOP *** [8s Kc 7h]
6ee1a5bc: checks
5bba0327: bets $1.27 and is all-in
6ee1a5bc: folds
Uncalled bet ($1.27) returned to 5bba0327
*** SHOWDOWN ***
5bba0327 collected $0.22 from pot
*** SUMMARY ***
Total pot $0.23 | Rake $0.01 | Jackpot $0 | Bingo $0 | Fortune $0 | Tax $0
Board [8s Kc 7h]
Seat 1: Hero folded before Flop (didn't bet)
Seat 2: 5bba0327 won ($0.22)
Seat 3: 14fb95e0 (button) folded before Flop (didn't bet)
Seat 4: e99e015e (small blind) folded before Flop
Seat 5: 385cba17 (big blind) folded before Flop
Seat 6: 6ee1a5bc folded on the Flop


Poker Hand #HD50916511: Hold'em No Limit ($0.01/$0.02) - 2024/05/21 19:32:28
Table 'NLHYellow6' 6-max Seat #2 is the button
Seat 1: Hero ($2.3 in chips)
Seat 2: 5bba0327 ($1.44 in chips)
Seat 3: 14fb95e0 ($1.2 in chips)
Seat 4: e99e015e ($2.02 in chips)
Seat 5: 385cba17 ($1.84 in chips)
Seat 6: 6ee1a5bc ($2.14 in chips)
14fb95e0: posts small blind $0.01
e99e015e: posts big blind $0.02
*** HOLE CARDS ***
Dealt to Hero [3d Qd]
Dealt to 5bba0327 
Dealt to 14fb95e0 
Dealt to e99e015e 
Dealt to 385cba17 
Dealt to 6ee1a5bc 
385cba17: raises $0.05 to $0.07
6ee1a5bc: folds
Hero: folds
5bba0327: calls $0.07
14fb95e0: folds
e99e015e: calls $0.05
*** FLOP *** [7s Qh 6c]
e99e015e: checks
385cba17: bets $0.22
5bba0327: folds
e99e015e: calls $0.22
*** TURN *** [7s Qh 6c] [Jd]
e99e015e: checks
385cba17: bets $0.66
e99e015e: folds
Uncalled bet ($0.66) returned to 385cba17
385cba17: shows [Ad Qs] (Pair of Queens)
*** SHOWDOWN ***
385cba17 collected $0.61 from pot
*** SUMMARY ***
Total pot $0.66 | Rake $0.03 | Jackpot $0.02 | Bingo $0 | Fortune $0 | Tax $0
Board [7s Qh 6c Jd]
Seat 1: Hero folded before Flop (didn't bet)
Seat 2: 5bba0327 (button) folded on the Flop
Seat 3: 14fb95e0 (small blind) folded before Flop
Seat 4: e99e015e (big blind) folded on the Turn
Seat 5: 385cba17 showed [Ad Qs] and won ($0.61)
Seat 6: 6ee1a5bc folded before Flop (didn't bet)


Poker Hand #HD50916504: Hold'em No Limit ($0.01/$0.02) - 2024/05/21 19:32:14
Table 'NLHYellow6' 6-max Seat #1 is the button
Seat 1: Hero ($2.3 in chips)
Seat 2: 5bba0327 ($1.45 in chips)
Seat 3: 14fb95e0 ($1.22 in chips)
Seat 4: e99e015e ($1.99 in chips)
Seat 5: 385cba17 ($1.84 in chips)
Seat 6: 6ee1a5bc ($2.14 in chips)
5bba0327: posts small blind $0.01
14fb95e0: posts big blind $0.02
*** HOLE CARDS ***
Dealt to Hero [5h Kd]
Dealt to 5bba0327 
Dealt to 14fb95e0 
Dealt to e99e015e 
Dealt to 385cba17 
Dealt to 6ee1a5bc 
e99e015e: calls $0.02
385cba17: folds
6ee1a5bc: folds
Hero: folds
5bba0327: folds
14fb95e0: checks
*** FLOP *** [8c 3c Js]
14fb95e0: checks
e99e015e: bets $0.02
14fb95e0: folds
Uncalled bet ($0.02) returned to e99e015e
*** SHOWDOWN ***
e99e015e collected $0.05 from pot
*** SUMMARY ***
Total pot $0.05 | Rake $0 | Jackpot $0 | Bingo $0 | Fortune $0 | Tax $0
Board [8c 3c Js]
Seat 1: Hero (button) folded before Flop (didn't bet)
Seat 2: 5bba0327 (small blind) folded before Flop
Seat 3: 14fb95e0 (big blind) folded on the Flop
Seat 4: e99e015e won ($0.05)
Seat 5: 385cba17 folded before Flop (didn't bet)
Seat 6: 6ee1a5bc folded before Flop (didn't bet)


Poker Hand #HD50916482: Hold'em No Limit ($0.01/$0.02) - 2024/05/21 19:31:28
Table 'NLHYellow6' 6-max Seat #6 is the button
Seat 1: Hero ($2.31 in chips)
Seat 2: 5bba0327 ($1.62 in chips)
Seat 3: 14fb95e0 ($1.22 in chips)
Seat 4: e99e015e ($1.99 in chips)
Seat 5: 385cba17 ($1.67 in chips)
Seat 6: 6ee1a5bc ($2.14 in chips)
Hero: posts small blind $0.01
5bba0327: posts big blind $0.02
*** HOLE CARDS ***
Dealt to Hero [9s 3d]
Dealt to 5bba0327 
Dealt to 14fb95e0 
Dealt to e99e015e 
Dealt to 385cba17 
Dealt to 6ee1a5bc 
14fb95e0: folds
e99e015e: folds
385cba17: calls $0.02
6ee1a5bc: folds
Hero: folds
5bba0327: checks
*** FLOP *** [As Kh 2h]
5bba0327: checks
385cba17: bets $0.05
5bba0327: calls $0.05
*** TURN *** [As Kh 2h] [Th]
5bba0327: bets $0.1
385cba17: calls $0.1
*** RIVER *** [As Kh 2h Th] [Tc]
5bba0327: checks
385cba17: checks
5bba0327: shows [5d 3h] (Pair of Tens)
385cba17: shows [6c Kc] (Pair of Kings and Pair of Tens)
*** SHOWDOWN ***
385cba17 collected $0.34 from pot
*** SUMMARY ***
Total pot $0.35 | Rake $0.01 | Jackpot $0 | Bingo $0 | Fortune $0 | Tax $0
Board [As Kh 2h Th Tc]
Seat 1: Hero (small blind) folded before Flop
Seat 2: 5bba0327 (big blind) showed [5d 3h] and lost with Pair of Tens
Seat 3: 14fb95e0 folded before Flop (didn't bet)
Seat 4: e99e015e folded before Flop (didn't bet)
Seat 5: 385cba17 showed [6c Kc] and won ($0.34) with Pair of Kings and Pair of Tens
Seat 6: 6ee1a5bc (button) folded before Flop (didn't bet)


Poker Hand #HD50916477: Hold'em No Limit ($0.01/$0.02) - 2024/05/21 19:31:16
Table 'NLHYellow6' 6-max Seat #5 is the button
Seat 1: Hero ($2.29 in chips)
Seat 2: 5bba0327 ($1.62 in chips)
Seat 3: 14fb95e0 ($1.22 in chips)
Seat 4: e99e015e ($2 in chips)
Seat 5: 385cba17 ($1.67 in chips)
Seat 6: 6ee1a5bc ($2.15 in chips)
6ee1a5bc: posts small blind $0.01
Hero: posts big blind $0.02
e99e015e: posts missed blind $0.01
*** HOLE CARDS ***
Dealt to Hero [9d Td]
Dealt to 5bba0327 
Dealt to 14fb95e0 
Dealt to e99e015e 
Dealt to 385cba17 
Dealt to 6ee1a5bc 
5bba0327: folds
14fb95e0: folds
e99e015e: folds
385cba17: folds
6ee1a5bc: folds
Uncalled bet ($0.01) returned to Hero
*** SHOWDOWN ***
Hero collected $0.03 from pot
*** SUMMARY ***
Total pot $0.03 | Rake $0 | Jackpot $0 | Bingo $0 | Fortune $0 | Tax $0
Seat 1: Hero (big blind) collected ($0.03)
Seat 2: 5bba0327 folded before Flop (didn't bet)
Seat 3: 14fb95e0 folded before Flop (didn't bet)
Seat 4: e99e015e folded before Flop
Seat 5: 385cba17 (button) folded before Flop (didn't bet)
Seat 6: 6ee1a5bc (small blind) folded before Flop


Poker Hand #HD50916458: Hold'em No Limit ($0.01/$0.02) - 2024/05/21 19:30:29
Table 'NLHYellow6' 6-max Seat #3 is the button
Seat 1: Hero ($2.29 in chips)
Seat 2: 5bba0327 ($1.7 in chips)
Seat 3: 14fb95e0 ($1.12 in chips)
Seat 5: 385cba17 ($1.68 in chips)
Seat 6: 6ee1a5bc ($2.17 in chips)
385cba17: posts small blind $0.01
6ee1a5bc: posts big blind $0.02
*** HOLE CARDS ***
Dealt to Hero [7h Ts]
Dealt to 5bba0327 
Dealt to 14fb95e0 
Dealt to 385cba17 
Dealt to 6ee1a5bc 
Hero: folds
5bba0327: raises $0.06 to $0.08
14fb95e0: calls $0.08
385cba17: folds
6ee1a5bc: folds
*** FLOP *** [3d Qh 2h]
5bba0327: checks
14fb95e0: checks
*** TURN *** [3d Qh 2h] [8d]
5bba0327: checks
14fb95e0: checks
*** RIVER *** [3d Qh 2h 8d] [6d]
5bba0327: checks
14fb95e0: checks
5bba0327: shows [9c Kc] (King-High)
14fb95e0: shows [As 5c] (Ace-High)
*** SHOWDOWN ***
14fb95e0 collected $0.18 from pot
*** SUMMARY ***
Total pot $0.19 | Rake $0.01 | Jackpot $0 | Bingo $0 | Fortune $0 | Tax $0
Board [3d Qh 2h 8d 6d]
Seat 1: Hero folded before Flop (didn't bet)
Seat 2: 5bba0327 showed [9c Kc] and lost with King-High
Seat 3: 14fb95e0 (button) showed [As 5c] and won ($0.18) with Ace-High
Seat 5: 385cba17 (small blind) folded before Flop
Seat 6: 6ee1a5bc (big blind) folded before Flop


Poker Hand #HD50916432: Hold'em No Limit ($0.01/$0.02) - 2024/05/21 19:29:28
Table 'NLHYellow6' 6-max Seat #2 is the button
Seat 1: Hero ($2.29 in chips)
Seat 2: 5bba0327 ($1.7 in chips)
Seat 3: 14fb95e0 ($1.18 in chips)
Seat 4: e99e015e ($0.86 in chips)
Seat 5: 385cba17 ($1.19 in chips)
Seat 6: 6ee1a5bc ($2.17 in chips)
14fb95e0: posts small blind $0.01
e99e015e: posts big blind $0.02
*** HOLE CARDS ***
Dealt to Hero [Ts Qd]
Dealt to 5bba0327 
Dealt to 14fb95e0 
Dealt to e99e015e 
Dealt to 385cba17 
Dealt to 6ee1a5bc 
385cba17: calls $0.02
6ee1a5bc: folds
Hero: folds
5bba0327: folds
14fb95e0: raises $0.04 to $0.06
e99e015e: calls $0.04
385cba17: raises $0.18 to $0.24
14fb95e0: folds
e99e015e: calls $0.18
*** FLOP *** [Js 3s 8d]
e99e015e: checks
385cba17: bets $0.54
e99e015e: calls $0.54
*** TURN *** [Js 3s 8d] [2c]
e99e015e: bets $0.08 and is all-in
385cba17: calls $0.08
e99e015e: shows [Tc 9c] (Jack-High)
385cba17: shows [As Ah] (Pair of Aces)
385cba17: Chooses to EV Cashout 
*** RIVER *** [Js 3s 8d 2c] [9d]
385cba17: Pays Cashout Risk ($0.33)
*** SHOWDOWN ***
385cba17 collected $1.68 from pot
*** SUMMARY ***
Total pot $1.78 | Rake $0.08 | Jackpot $0.02 | Bingo $0 | Fortune $0 | Tax $0
Board [Js 3s 8d 2c 9d]
Seat 1: Hero folded before Flop (didn't bet)
Seat 2: 5bba0327 (button) folded before Flop (didn't bet)
Seat 3: 14fb95e0 (small blind) folded before Flop
Seat 4: e99e015e (big blind) showed [Tc 9c] and lost with Pair of Nines
Seat 5: 385cba17 showed [As Ah] and won ($1.68) with Pair of Aces, Cashout Risk ($0.33)
Seat 6: 6ee1a5bc folded before Flop (didn't bet)


Poker Hand #HD50916427: Hold'em No Limit ($0.01/$0.02) - 2024/05/21 19:29:09
Table 'NLHYellow6' 6-max Seat #1 is the button
Seat 1: Hero ($2.26 in chips)
Seat 2: 5bba0327 ($1.71 in chips)
Seat 3: 14fb95e0 ($1.2 in chips)
Seat 4: e99e015e ($0.86 in chips)
Seat 5: 385cba17 ($1.19 in chips)
Seat 6: 6ee1a5bc ($2.17 in chips)
5bba0327: posts small blind $0.01
14fb95e0: posts big blind $0.02
*** HOLE CARDS ***
Dealt to Hero [Ks Ah]
Dealt to 5bba0327 
Dealt to 14fb95e0 
Dealt to e99e015e 
Dealt to 385cba17 
Dealt to 6ee1a5bc 
e99e015e: folds
385cba17: folds
6ee1a5bc: folds
Hero: raises $0.03 to $0.05
5bba0327: folds
14fb95e0: folds
Uncalled bet ($0.03) returned to Hero
*** SHOWDOWN ***
Hero collected $0.05 from pot
*** SUMMARY ***
Total pot $0.05 | Rake $0 | Jackpot $0 | Bingo $0 | Fortune $0 | Tax $0
Seat 1: Hero (button) collected ($0.05)
Seat 2: 5bba0327 (small blind) folded before Flop
Seat 3: 14fb95e0 (big blind) folded before Flop
Seat 4: e99e015e folded before Flop (didn't bet)
Seat 5: 385cba17 folded before Flop (didn't bet)
Seat 6: 6ee1a5bc folded before Flop (didn't bet)


Poker Hand #HD50916404: Hold'em No Limit ($0.01/$0.02) - 2024/05/21 19:28:31
Table 'NLHYellow6' 6-max Seat #6 is the button
Seat 1: Hero ($2.27 in chips)
Seat 2: 5bba0327 ($1.77 in chips)
Seat 3: 14fb95e0 ($1.36 in chips)
Seat 4: e99e015e ($0.86 in chips)
Seat 5: 385cba17 ($0.98 in chips)
Seat 6: 6ee1a5bc ($2.17 in chips)
Hero: posts small blind $0.01
5bba0327: posts big blind $0.02
*** HOLE CARDS ***
Dealt to Hero [3h 9c]
Dealt to 5bba0327 
Dealt to 14fb95e0 
Dealt to e99e015e 
Dealt to 385cba17 
Dealt to 6ee1a5bc 
14fb95e0: raises $0.04 to $0.06
e99e015e: folds
385cba17: calls $0.06
6ee1a5bc: folds
Hero: folds
5bba0327: calls $0.04
*** FLOP *** [4c Ad 6d]
5bba0327: checks
14fb95e0: bets $0.1
385cba17: calls $0.1
5bba0327: folds
*** TURN *** [4c Ad 6d] [Qs]
14fb95e0: checks
385cba17: bets $0.2
14fb95e0: folds
Uncalled bet ($0.2) returned to 385cba17
14fb95e0: shows [Kc Kd] (Pair of Kings)
*** SHOWDOWN ***
385cba17 collected $0.37 from pot
*** SUMMARY ***
Total pot $0.39 | Rake $0.02 | Jackpot $0 | Bingo $0 | Fortune $0 | Tax $0
Board [4c Ad 6d Qs]
Seat 1: Hero (small blind) folded before Flop
Seat 2: 5bba0327 (big blind) folded on the Flop
Seat 3: 14fb95e0 folded on the Turn
Seat 4: e99e015e folded before Flop (didn't bet)
Seat 5: 385cba17 won ($0.37)
Seat 6: 6ee1a5bc (button) folded before Flop (didn't bet)


Poker Hand #HD50916383: Hold'em No Limit ($0.01/$0.02) - 2024/05/21 19:27:54
Table 'NLHYellow6' 6-max Seat #5 is the button
Seat 1: Hero ($2.31 in chips)
Seat 2: 5bba0327 ($1.77 in chips)
Seat 3: 14fb95e0 ($1.36 in chips)
Seat 4: e99e015e ($0.86 in chips)
Seat 5: 385cba17 ($0.93 in chips)
Seat 6: 6ee1a5bc ($2.18 in chips)
6ee1a5bc: posts small blind $0.01
Hero: posts big blind $0.02
*** HOLE CARDS ***
Dealt to Hero [3h Kc]
Dealt to 5bba0327 
Dealt to 14fb95e0 
Dealt to e99e015e 
Dealt to 385cba17 
Dealt to 6ee1a5bc 
5bba0327: folds
14fb95e0: folds
e99e015e: folds
385cba17: calls $0.02
6ee1a5bc: folds
Hero: checks
*** FLOP *** [Tc 3s 6c]
Hero: checks
385cba17: checks
*** TURN *** [Tc 3s 6c] [Td]
Hero: bets $0.02
385cba17: calls $0.02
*** RIVER *** [Tc 3s 6c Td] [9h]
Hero: checks
385cba17: bets $0.09
Hero: folds
Uncalled bet ($0.09) returned to 385cba17
*** SHOWDOWN ***
385cba17 collected $0.09 from pot
*** SUMMARY ***
Total pot $0.09 | Rake $0 | Jackpot $0 | Bingo $0 | Fortune $0 | Tax $0
Board [Tc 3s 6c Td 9h]
Seat 1: Hero (big blind) folded on the River
Seat 2: 5bba0327 folded before Flop (didn't bet)
Seat 3: 14fb95e0 folded before Flop (didn't bet)
Seat 4: e99e015e folded before Flop (didn't bet)
Seat 5: 385cba17 (button) won ($0.09)
Seat 6: 6ee1a5bc (small blind) folded before Flop


Poker Hand #HD50916372: Hold'em No Limit ($0.01/$0.02) - 2024/05/21 19:27:37
Table 'NLHYellow6' 6-max Seat #4 is the button
Seat 1: Hero ($2.31 in chips)
Seat 2: 5bba0327 ($1.74 in chips)
Seat 3: 14fb95e0 ($1.36 in chips)
Seat 4: e99e015e ($0.86 in chips)
Seat 5: 385cba17 ($0.94 in chips)
Seat 6: 6ee1a5bc ($2.2 in chips)
385cba17: posts small blind $0.01
6ee1a5bc: posts big blind $0.02
*** HOLE CARDS ***
Dealt to Hero [Ac 5d]
Dealt to 5bba0327 
Dealt to 14fb95e0 
Dealt to e99e015e 
Dealt to 385cba17 
Dealt to 6ee1a5bc 
Hero: folds
5bba0327: raises $0.06 to $0.08
14fb95e0: folds
e99e015e: folds
385cba17: folds
6ee1a5bc: folds
Uncalled bet ($0.06) returned to 5bba0327
*** SHOWDOWN ***
5bba0327 collected $0.05 from pot
*** SUMMARY ***
Total pot $0.05 | Rake $0 | Jackpot $0 | Bingo $0 | Fortune $0 | Tax $0
Seat 1: Hero folded before Flop (didn't bet)
Seat 2: 5bba0327 collected ($0.05)
Seat 3: 14fb95e0 folded before Flop (didn't bet)
Seat 4: e99e015e (button) folded before Flop (didn't bet)
Seat 5: 385cba17 (small blind) folded before Flop
Seat 6: 6ee1a5bc (big blind) folded before Flop


Poker Hand #HD50916364: Hold'em No Limit ($0.01/$0.02) - 2024/05/21 19:27:16
Table 'NLHYellow6' 6-max Seat #3 is the button
Seat 1: Hero ($2.31 in chips)
Seat 2: 5bba0327 ($1.71 in chips)
Seat 3: 14fb95e0 ($1.36 in chips)
Seat 4: e99e015e ($0.87 in chips)
Seat 5: 385cba17 ($0.96 in chips)
Seat 6: 6ee1a5bc ($2.2 in chips)
e99e015e: posts small blind $0.01
385cba17: posts big blind $0.02
*** HOLE CARDS ***
Dealt to Hero [Ac 3s]
Dealt to 5bba0327 
Dealt to 14fb95e0 
Dealt to e99e015e 
Dealt to 385cba17 
Dealt to 6ee1a5bc 
6ee1a5bc: folds
Hero: folds
5bba0327: raises $0.06 to $0.08
14fb95e0: folds
e99e015e: folds
385cba17: folds
Uncalled bet ($0.06) returned to 5bba0327
*** SHOWDOWN ***
5bba0327 collected $0.05 from pot
*** SUMMARY ***
Total pot $0.05 | Rake $0 | Jackpot $0 | Bingo $0 | Fortune $0 | Tax $0
Seat 1: Hero folded before Flop (didn't bet)
Seat 2: 5bba0327 collected ($0.05)
Seat 3: 14fb95e0 (button) folded before Flop (didn't bet)
Seat 4: e99e015e (small blind) folded before Flop
Seat 5: 385cba17 (big blind) folded before Flop
Seat 6: 6ee1a5bc folded before Flop (didn't bet)


Poker Hand #HD50916338: Hold'em No Limit ($0.01/$0.02) - 2024/05/21 19:26:26
Table 'NLHYellow6' 6-max Seat #2 is the button
Seat 1: Hero ($2.31 in chips)
Seat 2: 5bba0327 ($1.71 in chips)
Seat 3: 14fb95e0 ($1.37 in chips)
Seat 4: e99e015e ($1.04 in chips)
Seat 5: 385cba17 ($0.63 in chips)
Seat 6: 6ee1a5bc ($2.37 in chips)
14fb95e0: posts small blind $0.01
e99e015e: posts big blind $0.02
*** HOLE CARDS ***
Dealt to Hero [2h 8s]
Dealt to 5bba0327 
Dealt to 14fb95e0 
Dealt to e99e015e 
Dealt to 385cba17 
Dealt to 6ee1a5bc 
385cba17: calls $0.02
6ee1a5bc: calls $0.02
Hero: folds
5bba0327: folds
14fb95e0: folds
e99e015e: checks
*** FLOP *** [3s Qc Jd]
e99e015e: bets $0.02
385cba17: calls $0.02
6ee1a5bc: calls $0.02
*** TURN *** [3s Qc Jd] [Kc]
e99e015e: checks
385cba17: bets $0.13
6ee1a5bc: calls $0.13
e99e015e: calls $0.13
*** RIVER *** [3s Qc Jd Kc] [3c]
e99e015e: checks
385cba17: bets $0.46 and is all-in
6ee1a5bc: folds
e99e015e: folds
Uncalled bet ($0.46) returned to 385cba17
*** SHOWDOWN ***
385cba17 collected $0.5 from pot
*** SUMMARY ***
Total pot $0.52 | Rake $0.02 | Jackpot $0 | Bingo $0 | Fortune $0 | Tax $0
Board [3s Qc Jd Kc 3c]
Seat 1: Hero folded before Flop (didn't bet)
Seat 2: 5bba0327 (button) folded before Flop (didn't bet)
Seat 3: 14fb95e0 (small blind) folded before Flop
Seat 4: e99e015e (big blind) folded on the River
Seat 5: 385cba17 won ($0.5)
Seat 6: 6ee1a5bc folded on the River


Poker Hand #HD50916306: Hold'em No Limit ($0.01/$0.02) - 2024/05/21 19:25:26
Table 'NLHYellow6' 6-max Seat #1 is the button
Seat 1: Hero ($2.31 in chips)
Seat 2: 5bba0327 ($1.72 in chips)
Seat 3: 14fb95e0 ($1.39 in chips)
Seat 4: e99e015e ($1.3 in chips)
Seat 5: 385cba17 ($0.63 in chips)
Seat 6: 6ee1a5bc ($2.1 in chips)
5bba0327: posts small blind $0.01
14fb95e0: posts big blind $0.02
*** HOLE CARDS ***
Dealt to Hero [6d Ac]
Dealt to 5bba0327 
Dealt to 14fb95e0 
Dealt to e99e015e 
Dealt to 385cba17 
Dealt to 6ee1a5bc 
e99e015e: calls $0.02
385cba17: folds
6ee1a5bc: calls $0.02
Hero: folds
5bba0327: folds
14fb95e0: checks
*** FLOP *** [Tc 8h 9s]
14fb95e0: checks
e99e015e: bets $0.02
6ee1a5bc: raises $0.11 to $0.13
14fb95e0: folds
e99e015e: calls $0.11
*** TURN *** [Tc 8h 9s] [6s]
e99e015e: checks
6ee1a5bc: bets $0.11
e99e015e: calls $0.11
*** RIVER *** [Tc 8h 9s 6s] [2d]
e99e015e: checks
6ee1a5bc: checks
e99e015e: shows [Jd Ks] (King-High)
6ee1a5bc: shows [Th Jh] (Pair of Tens)
*** SHOWDOWN ***
6ee1a5bc collected $0.53 from pot
*** SUMMARY ***
Total pot $0.55 | Rake $0.02 | Jackpot $0 | Bingo $0 | Fortune $0 | Tax $0
Board [Tc 8h 9s 6s 2d]
Seat 1: Hero (button) folded before Flop (didn't bet)
Seat 2: 5bba0327 (small blind) folded before Flop
Seat 3: 14fb95e0 (big blind) folded on the Flop
Seat 4: e99e015e showed [Jd Ks] and lost with King-High
Seat 5: 385cba17 folded before Flop (didn't bet)
Seat 6: 6ee1a5bc showed [Th Jh] and won ($0.53) with Pair of Tens


Poker Hand #HD50916275: Hold'em No Limit ($0.01/$0.02) - 2024/05/21 19:24:29
Table 'NLHYellow6' 6-max Seat #6 is the button
Seat 1: Hero ($2.5 in chips)
Seat 2: 5bba0327 ($1.74 in chips)
Seat 3: 14fb95e0 ($1.39 in chips)
Seat 4: e99e015e ($0.93 in chips)
Seat 5: 385cba17 ($0.82 in chips)
Seat 6: 6ee1a5bc ($2.1 in chips)
Hero: posts small blind $0.01
5bba0327: posts big blind $0.02
*** HOLE CARDS ***
Dealt to Hero [7c 7s]
Dealt to 5bba0327 
Dealt to 14fb95e0 
Dealt to e99e015e 
Dealt to 385cba17 
Dealt to 6ee1a5bc 
14fb95e0: folds
e99e015e: raises $0.05 to $0.07
385cba17: calls $0.07
6ee1a5bc: folds
Hero: calls $0.06
5bba0327: folds
*** FLOP *** [Qh 3d Ah]
Hero: checks
e99e015e: bets $0.12
385cba17: calls $0.12
Hero: calls $0.12
*** TURN *** [Qh 3d Ah] [2c]
Hero: checks
e99e015e: bets $0.3
385cba17: folds
Hero: folds
Uncalled bet ($0.3) returned to e99e015e
*** SHOWDOWN ***
e99e015e collected $0.56 from pot
*** SUMMARY ***
Total pot $0.59 | Rake $0.03 | Jackpot $0 | Bingo $0 | Fortune $0 | Tax $0
Board [Qh 3d Ah 2c]
Seat 1: Hero (small blind) folded on the Turn
Seat 2: 5bba0327 (big blind) folded before Flop
Seat 3: 14fb95e0 folded before Flop (didn't bet)
Seat 4: e99e015e won ($0.56)
Seat 5: 385cba17 folded on the Turn
Seat 6: 6ee1a5bc (button) folded before Flop (didn't bet)


Poker Hand #HD50916250: Hold'em No Limit ($0.01/$0.02) - 2024/05/21 19:23:48
Table 'NLHYellow6' 6-max Seat #5 is the button
Seat 1: Hero ($2.59 in chips)
Seat 3: 14fb95e0 ($1.12 in chips)
Seat 4: e99e015e ($1.02 in chips)
Seat 5: 385cba17 ($0.91 in chips)
Seat 6: 6ee1a5bc ($2.11 in chips)
6ee1a5bc: posts small blind $0.01
Hero: posts big blind $0.02
*** HOLE CARDS ***
Dealt to Hero [8h Th]
Dealt to 14fb95e0 
Dealt to e99e015e 
Dealt to 385cba17 
Dealt to 6ee1a5bc 
14fb95e0: calls $0.02
e99e015e: raises $0.07 to $0.09
385cba17: calls $0.09
6ee1a5bc: folds
Hero: calls $0.07
14fb95e0: calls $0.07
*** FLOP *** [4d Kd Qd]
Hero: checks
14fb95e0: bets $0.19
e99e015e: folds
385cba17: folds
Hero: folds
Uncalled bet ($0.19) returned to 14fb95e0
14fb95e0: shows [9d]
*** SHOWDOWN ***
14fb95e0 collected $0.36 from pot
*** SUMMARY ***
Total pot $0.37 | Rake $0.01 | Jackpot $0 | Bingo $0 | Fortune $0 | Tax $0
Board [4d Kd Qd]
Seat 1: Hero (big blind) folded on the Flop
Seat 3: 14fb95e0 showed [9d] and won ($0.36)
Seat 4: e99e015e folded on the Flop
Seat 5: 385cba17 (button) folded on the Flop
Seat 6: 6ee1a5bc (small blind) folded before Flop


Poker Hand #HD50916237: Hold'em No Limit ($0.01/$0.02) - 2024/05/21 19:22:57
Table 'NLHYellow6' 6-max Seat #4 is the button
Seat 1: Hero ($3.13 in chips)
Seat 3: 14fb95e0 ($1.12 in chips)
Seat 4: e99e015e ($1.07 in chips)
Seat 5: 385cba17 ($0.54 in chips)
Seat 6: 6ee1a5bc ($2.13 in chips)
385cba17: posts small blind $0.01
6ee1a5bc: posts big blind $0.02
*** HOLE CARDS ***
Dealt to Hero [Kh Qc]
Dealt to 14fb95e0 
Dealt to e99e015e 
Dealt to 385cba17 
Dealt to 6ee1a5bc 
Hero: raises $0.03 to $0.05
14fb95e0: folds
e99e015e: calls $0.05
385cba17: raises $0.17 to $0.22
6ee1a5bc: folds
Hero: calls $0.17
e99e015e: folds
*** FLOP *** [Tc Ts 2d]
385cba17: bets $0.32 and is all-in
Hero: calls $0.32
385cba17: shows [As Qh] (Pair of Tens)
Hero: shows [Kh Qc] (Pair of Tens)
385cba17: Chooses to EV Cashout 
*** TURN *** [Tc Ts 2d] [Ah]
*** RIVER *** [Tc Ts 2d Ah] [2h]
385cba17: Pays Cashout Risk ($0.17)
14fb95e0: shows [7h 2s] (Twos Full over Tens)
*** SHOWDOWN ***
385cba17 collected $1.08 from pot
*** SUMMARY ***
Total pot $1.15 | Rake $0.05 | Jackpot $0.02 | Bingo $0 | Fortune $0 | Tax $0
Board [Tc Ts 2d Ah 2h]
Seat 1: Hero showed [Kh Qc] and lost with Pair of Tens and Pair of Twos
Seat 3: 14fb95e0 folded before Flop (didn't bet)
Seat 4: e99e015e (button) folded before Flop
Seat 5: 385cba17 (small blind) showed [As Qh] and won ($1.08) with Pair of Aces and Pair of Tens, Cashout Risk ($0.17)
Seat 6: 6ee1a5bc (big blind) folded before Flop


Poker Hand #HD50916200: Hold'em No Limit ($0.01/$0.02) - 2024/05/21 19:21:49
Table 'NLHYellow6' 6-max Seat #3 is the button
Seat 1: Hero ($2.87 in chips)
Seat 3: 14fb95e0 ($1.12 in chips)
Seat 4: e99e015e ($1.11 in chips)
Seat 5: 385cba17 ($0.58 in chips)
Seat 6: 6ee1a5bc ($2.33 in chips)
e99e015e: posts small blind $0.01
385cba17: posts big blind $0.02
*** HOLE CARDS ***
Dealt to Hero [3c 3h]
Dealt to 14fb95e0 
Dealt to e99e015e 
Dealt to 385cba17 
Dealt to 6ee1a5bc 
6ee1a5bc: raises $0.02 to $0.04
Hero: calls $0.04
14fb95e0: folds
e99e015e: calls $0.03
385cba17: calls $0.02
*** FLOP *** [4h 6s 4d]
e99e015e: checks
385cba17: checks
6ee1a5bc: bets $0.06
Hero: calls $0.06
e99e015e: folds
385cba17: folds
*** TURN *** [4h 6s 4d] [3s]
6ee1a5bc: checks
Hero: checks
*** RIVER *** [4h 6s 4d 3s] [2s]
6ee1a5bc: bets $0.1
Hero: raises $0.36 to $0.46
6ee1a5bc: folds
Uncalled bet ($0.36) returned to Hero
14fb95e0: shows [5d] (Sixes-High Straight)
*** SHOWDOWN ***
Hero collected $0.46 from pot
*** SUMMARY ***
Total pot $0.48 | Rake $0.02 | Jackpot $0 | Bingo $0 | Fortune $0 | Tax $0
Board [4h 6s 4d 3s 2s]
Seat 1: Hero won ($0.46)
Seat 3: 14fb95e0 (button) folded before Flop (didn't bet)
Seat 4: e99e015e (small blind) folded on the Flop
Seat 5: 385cba17 (big blind) folded on the Flop
Seat 6: 6ee1a5bc folded on the River


Poker Hand #HD50916182: Hold'em No Limit ($0.01/$0.02) - 2024/05/21 19:21:11
Table 'NLHYellow6' 6-max Seat #2 is the button
Seat 1: Hero ($2.96 in chips)
Seat 2: 5bba0327 ($1.74 in chips)
Seat 3: 14fb95e0 ($1.02 in chips)
Seat 4: e99e015e ($1.13 in chips)
Seat 5: 385cba17 ($0.58 in chips)
Seat 6: 6ee1a5bc ($2.33 in chips)
14fb95e0: posts small blind $0.01
e99e015e: posts big blind $0.02
*** HOLE CARDS ***
Dealt to Hero [Ts Kd]
Dealt to 5bba0327 
Dealt to 14fb95e0 
Dealt to e99e015e 
Dealt to 385cba17 
Dealt to 6ee1a5bc 
385cba17: folds
6ee1a5bc: folds
Hero: raises $0.03 to $0.05
5bba0327: folds
14fb95e0: calls $0.04
e99e015e: folds
*** FLOP *** [8c 2s Jc]
14fb95e0: checks
Hero: bets $0.04
14fb95e0: raises $0.1 to $0.14
Hero: folds
Uncalled bet ($0.1) returned to 14fb95e0
*** SHOWDOWN ***
14fb95e0 collected $0.19 from pot
*** SUMMARY ***
Total pot $0.2 | Rake $0.01 | Jackpot $0 | Bingo $0 | Fortune $0 | Tax $0
Board [8c 2s Jc]
Seat 1: Hero folded on the Flop
Seat 2: 5bba0327 (button) folded before Flop (didn't bet)
Seat 3: 14fb95e0 (small blind) won ($0.19)
Seat 4: e99e015e (big blind) folded before Flop
Seat 5: 385cba17 folded before Flop (didn't bet)
Seat 6: 6ee1a5bc folded before Flop (didn't bet)


Poker Hand #HD50916168: Hold'em No Limit ($0.01/$0.02) - 2024/05/21 19:20:29
Table 'NLHYellow6' 6-max Seat #1 is the button
Seat 1: Hero ($3.01 in chips)
Seat 2: 5bba0327 ($1.67 in chips)
Seat 3: 14fb95e0 ($1.04 in chips)
Seat 4: e99e015e ($1.13 in chips)
Seat 5: 385cba17 ($0.58 in chips)
Seat 6: 6ee1a5bc ($2.33 in chips)
5bba0327: posts small blind $0.01
14fb95e0: posts big blind $0.02
*** HOLE CARDS ***
Dealt to Hero [4h 4c]
Dealt to 5bba0327 
Dealt to 14fb95e0 
Dealt to e99e015e 
Dealt to 385cba17 
Dealt to 6ee1a5bc 
e99e015e: folds
385cba17: folds
6ee1a5bc: folds
Hero: raises $0.03 to $0.05
5bba0327: calls $0.04
14fb95e0: folds
*** FLOP *** [7h 9d Qh]
5bba0327: checks
Hero: checks
*** TURN *** [7h 9d Qh] [9c]
5bba0327: checks
Hero: checks
*** RIVER *** [7h 9d Qh 9c] [Qc]
5bba0327: bets $0.04
Hero: folds
Uncalled bet ($0.04) returned to 5bba0327
*** SHOWDOWN ***
5bba0327 collected $0.12 from pot
*** SUMMARY ***
Total pot $0.12 | Rake $0 | Jackpot $0 | Bingo $0 | Fortune $0 | Tax $0
Board [7h 9d Qh 9c Qc]
Seat 1: Hero (button) folded on the River
Seat 2: 5bba0327 (small blind) won ($0.12)
Seat 3: 14fb95e0 (big blind) folded before Flop
Seat 4: e99e015e folded before Flop (didn't bet)
Seat 5: 385cba17 folded before Flop (didn't bet)
Seat 6: 6ee1a5bc folded before Flop (didn't bet)


Poker Hand #HD50916160: Hold'em No Limit ($0.01/$0.02) - 2024/05/21 19:20:15
Table 'NLHYellow6' 6-max Seat #6 is the button
Seat 1: Hero ($3.02 in chips)
Seat 2: 5bba0327 ($1.69 in chips)
Seat 3: 14fb95e0 ($1.04 in chips)
Seat 4: e99e015e ($1.13 in chips)
Seat 5: 385cba17 ($0.55 in chips)
Seat 6: 6ee1a5bc ($2.33 in chips)
Hero: posts small blind $0.01
5bba0327: posts big blind $0.02
*** HOLE CARDS ***
Dealt to Hero [2s 8s]
Dealt to 5bba0327 
Dealt to 14fb95e0 
Dealt to e99e015e 
Dealt to 385cba17 
Dealt to 6ee1a5bc 
14fb95e0: folds
e99e015e: folds
385cba17: raises $0.53 to $0.55 and is all-in
6ee1a5bc: folds
Hero: folds
5bba0327: folds
Uncalled bet ($0.53) returned to 385cba17
*** SHOWDOWN ***
385cba17 collected $0.05 from pot
*** SUMMARY ***
Total pot $0.05 | Rake $0 | Jackpot $0 | Bingo $0 | Fortune $0 | Tax $0
Seat 1: Hero (small blind) folded before Flop
Seat 2: 5bba0327 (big blind) folded before Flop
Seat 3: 14fb95e0 folded before Flop (didn't bet)
Seat 4: e99e015e folded before Flop (didn't bet)
Seat 5: 385cba17 collected ($0.05)
Seat 6: 6ee1a5bc (button) folded before Flop (didn't bet)


Poker Hand #HD50916141: Hold'em No Limit ($0.01/$0.02) - 2024/05/21 19:19:16
Table 'NLHYellow6' 6-max Seat #5 is the button
Seat 1: Hero ($3.04 in chips)
Seat 2: 5bba0327 ($1.69 in chips)
Seat 3: 14fb95e0 ($1.04 in chips)
Seat 4: e99e015e ($1.13 in chips)
Seat 5: 385cba17 ($0.51 in chips)
Seat 6: 6ee1a5bc ($2.35 in chips)
6ee1a5bc: posts small blind $0.01
Hero: posts big blind $0.02
*** HOLE CARDS ***
Dealt to Hero [Jc 4c]
Dealt to 5bba0327 
Dealt to 14fb95e0 
Dealt to e99e015e 
Dealt to 385cba17 
Dealt to 6ee1a5bc 
5bba0327: folds
14fb95e0: folds
e99e015e: folds
385cba17: calls $0.02
6ee1a5bc: calls $0.01
Hero: checks
*** FLOP *** [2d 5d Kh]
6ee1a5bc: checks
Hero: checks
385cba17: checks
*** TURN *** [2d 5d Kh] [Kd]
6ee1a5bc: checks
Hero: checks
385cba17: checks
*** RIVER *** [2d 5d Kh Kd] [Tc]
6ee1a5bc: checks
Hero: checks
385cba17: checks
6ee1a5bc: shows [9c 8s] (Pair of Kings)
Hero: shows [Jc 4c] (Pair of Kings)
385cba17: shows [7h Ah] (Pair of Kings)
*** SHOWDOWN ***
385cba17 collected $0.06 from pot
*** SUMMARY ***
Total pot $0.06 | Rake $0 | Jackpot $0 | Bingo $0 | Fortune $0 | Tax $0
Board [2d 5d Kh Kd Tc]
Seat 1: Hero (big blind) showed [Jc 4c] and lost with Pair of Kings
Seat 2: 5bba0327 folded before Flop (didn't bet)
Seat 3: 14fb95e0 folded before Flop (didn't bet)
Seat 4: e99e015e folded before Flop (didn't bet)
Seat 5: 385cba17 (button) showed [7h Ah] and won ($0.06) with Pair of Kings
Seat 6: 6ee1a5bc (small blind) showed [9c 8s] and lost with Pair of Kings


Poker Hand #HD50916114: Hold'em No Limit ($0.01/$0.02) - 2024/05/21 19:18:18
Table 'NLHYellow6' 6-max Seat #4 is the button
Seat 1: Hero ($3.92 in chips)
Seat 2: 5bba0327 ($0.88 in chips)
Seat 3: 14fb95e0 ($1.04 in chips)
Seat 4: e99e015e ($1.13 in chips)
Seat 5: 385cba17 ($0.52 in chips)
Seat 6: 6ee1a5bc ($2.37 in chips)
385cba17: posts small blind $0.01
6ee1a5bc: posts big blind $0.02
*** HOLE CARDS ***
Dealt to Hero [Jc Jd]
Dealt to 5bba0327 
Dealt to 14fb95e0 
Dealt to e99e015e 
Dealt to 385cba17 
Dealt to 6ee1a5bc 
Hero: raises $0.03 to $0.05
5bba0327: raises $0.05 to $0.1
14fb95e0: folds
e99e015e: folds
385cba17: folds
6ee1a5bc: folds
Hero: raises $0.12 to $0.22
5bba0327: calls $0.12
*** FLOP *** [8c 4c 7s]
Hero: bets $0.16
5bba0327: raises $0.5 to $0.66 and is all-in
Hero: calls $0.5
5bba0327: shows [8d Qd] (Pair of Eights)
Hero: shows [Jc Jd] (Pair of Jacks)
*** TURN *** [8c 4c 7s] [Qh]
*** RIVER *** [8c 4c 7s Qh] [5s]
*** SHOWDOWN ***
5bba0327 collected $1.69 from pot
*** SUMMARY ***
Total pot $1.79 | Rake $0.08 | Jackpot $0.02 | Bingo $0 | Fortune $0 | Tax $0
Board [8c 4c 7s Qh 5s]
Seat 1: Hero showed [Jc Jd] and lost with Pair of Jacks
Seat 2: 5bba0327 showed [8d Qd] and won ($1.69) with Pair of Queens and Pair of Eights
Seat 3: 14fb95e0 folded before Flop (didn't bet)
Seat 4: e99e015e (button) folded before Flop (didn't bet)
Seat 5: 385cba17 (small blind) folded before Flop
Seat 6: 6ee1a5bc (big blind) folded before Flop


Poker Hand #HD50916102: Hold'em No Limit ($0.01/$0.02) - 2024/05/21 19:17:43
Table 'NLHYellow6' 6-max Seat #3 is the button
Seat 1: Hero ($4 in chips)
Seat 2: 5bba0327 ($0.88 in chips)
Seat 3: 14fb95e0 ($1.12 in chips)
Seat 4: e99e015e ($1.14 in chips)
Seat 5: 385cba17 ($0.34 in chips)
Seat 6: 6ee1a5bc ($2.39 in chips)
e99e015e: posts small blind $0.01
385cba17: posts big blind $0.02
*** HOLE CARDS ***
Dealt to Hero [Qc Tc]
Dealt to 5bba0327 
Dealt to 14fb95e0 
Dealt to e99e015e 
Dealt to 385cba17 
Dealt to 6ee1a5bc 
6ee1a5bc: calls $0.02
Hero: raises $0.06 to $0.08
5bba0327: folds
14fb95e0: calls $0.08
e99e015e: folds
385cba17: raises $0.26 to $0.34 and is all-in
6ee1a5bc: folds
Hero: folds
14fb95e0: folds
Uncalled bet ($0.26) returned to 385cba17
*** SHOWDOWN ***
385cba17 collected $0.26 from pot
*** SUMMARY ***
Total pot $0.27 | Rake $0.01 | Jackpot $0 | Bingo $0 | Fortune $0 | Tax $0
Seat 1: Hero folded before Flop
Seat 2: 5bba0327 folded before Flop (didn't bet)
Seat 3: 14fb95e0 (button) folded before Flop
Seat 4: e99e015e (small blind) folded before Flop
Seat 5: 385cba17 (big blind) collected ($0.26)
Seat 6: 6ee1a5bc folded before Flop


Poker Hand #HD50916074: Hold'em No Limit ($0.01/$0.02) - 2024/05/21 19:16:46
Table 'NLHYellow6' 6-max Seat #2 is the button
Seat 1: Hero ($3.86 in chips)
Seat 2: 5bba0327 ($0.88 in chips)
Seat 3: 14fb95e0 ($1.13 in chips)
Seat 4: e99e015e ($1.16 in chips)
Seat 5: 385cba17 ($0.46 in chips)
Seat 6: 6ee1a5bc ($2.39 in chips)
14fb95e0: posts small blind $0.01
e99e015e: posts big blind $0.02
*** HOLE CARDS ***
Dealt to Hero [Td Kc]
Dealt to 5bba0327 
Dealt to 14fb95e0 
Dealt to e99e015e 
Dealt to 385cba17 
Dealt to 6ee1a5bc 
385cba17: calls $0.02
6ee1a5bc: folds
Hero: raises $0.03 to $0.05
5bba0327: folds
14fb95e0: folds
e99e015e: folds
385cba17: calls $0.03
*** FLOP *** [4h Th 8d]
385cba17: checks
Hero: bets $0.07
385cba17: calls $0.07
*** TURN *** [4h Th 8d] [8c]
385cba17: checks
Hero: checks
*** RIVER *** [4h Th 8d 8c] [Qd]
385cba17: checks
Hero: bets $0.14
385cba17: folds
Uncalled bet ($0.14) returned to Hero
*** SHOWDOWN ***
Hero collected $0.26 from pot
*** SUMMARY ***
Total pot $0.27 | Rake $0.01 | Jackpot $0 | Bingo $0 | Fortune $0 | Tax $0
Board [4h Th 8d 8c Qd]
Seat 1: Hero won ($0.26)
Seat 2: 5bba0327 (button) folded before Flop (didn't bet)
Seat 3: 14fb95e0 (small blind) folded before Flop
Seat 4: e99e015e (big blind) folded before Flop
Seat 5: 385cba17 folded on the River
Seat 6: 6ee1a5bc folded before Flop (didn't bet)


Poker Hand #HD50916053: Hold'em No Limit ($0.01/$0.02) - 2024/05/21 19:16:07
Table 'NLHYellow6' 6-max Seat #1 is the button
Seat 1: Hero ($3.86 in chips)
Seat 2: 5bba0327 ($0.84 in chips)
Seat 3: 14fb95e0 ($1.15 in chips)
Seat 4: e99e015e ($1.16 in chips)
Seat 5: 385cba17 ($0.48 in chips)
Seat 6: 6ee1a5bc ($2.39 in chips)
5bba0327: posts small blind $0.01
14fb95e0: posts big blind $0.02
*** HOLE CARDS ***
Dealt to Hero [8c 5d]
Dealt to 5bba0327 
Dealt to 14fb95e0 
Dealt to e99e015e 
Dealt to 385cba17 
Dealt to 6ee1a5bc 
e99e015e: folds
385cba17: calls $0.02
6ee1a5bc: folds
Hero: folds
5bba0327: raises $0.82 to $0.84 and is all-in
14fb95e0: folds
385cba17: folds
Uncalled bet ($0.82) returned to 5bba0327
*** SHOWDOWN ***
5bba0327 collected $0.06 from pot
*** SUMMARY ***
Total pot $0.06 | Rake $0 | Jackpot $0 | Bingo $0 | Fortune $0 | Tax $0
Seat 1: Hero (button) folded before Flop (didn't bet)
Seat 2: 5bba0327 (small blind) collected ($0.06)
Seat 3: 14fb95e0 (big blind) folded before Flop
Seat 4: e99e015e folded before Flop (didn't bet)
Seat 5: 385cba17 folded before Flop
Seat 6: 6ee1a5bc folded before Flop (didn't bet)


Poker Hand #HD50916037: Hold'em No Limit ($0.01/$0.02) - 2024/05/21 19:15:27
Table 'NLHYellow6' 6-max Seat #6 is the button
Seat 1: Hero ($3.87 in chips)
Seat 2: 5bba0327 ($0.79 in chips)
Seat 3: 14fb95e0 ($1.15 in chips)
Seat 4: e99e015e ($1.16 in chips)
Seat 5: 385cba17 ($0.5 in chips)
Seat 6: 6ee1a5bc ($2.41 in chips)
Hero: posts small blind $0.01
5bba0327: posts big blind $0.02
385cba17: posts big blind $0.02
*** HOLE CARDS ***
Dealt to Hero [3d 4h]
Dealt to 5bba0327 
Dealt to 14fb95e0 
Dealt to e99e015e 
Dealt to 385cba17 
Dealt to 6ee1a5bc 
14fb95e0: folds
e99e015e: folds
385cba17: checks
6ee1a5bc: calls $0.02
Hero: folds
5bba0327: raises $0.77 to $0.79 and is all-in
385cba17: folds
6ee1a5bc: folds
Uncalled bet ($0.77) returned to 5bba0327
*** SHOWDOWN ***
5bba0327 collected $0.07 from pot
*** SUMMARY ***
Total pot $0.07 | Rake $0 | Jackpot $0 | Bingo $0 | Fortune $0 | Tax $0
Seat 1: Hero (small blind) folded before Flop
Seat 2: 5bba0327 (big blind) collected ($0.07)
Seat 3: 14fb95e0 folded before Flop (didn't bet)
Seat 4: e99e015e folded before Flop (didn't bet)
Seat 5: 385cba17 folded before Flop
Seat 6: 6ee1a5bc (button) folded before Flop


Poker Hand #HD50916021: Hold'em No Limit ($0.01/$0.02) - 2024/05/21 19:14:46
Table 'NLHYellow6' 6-max Seat #4 is the button
Seat 1: Hero ($3.69 in chips)
Seat 2: 5bba0327 ($0.79 in chips)
Seat 3: 14fb95e0 ($1.34 in chips)
Seat 4: e99e015e ($1.16 in chips)
Seat 6: 6ee1a5bc ($2.42 in chips)
6ee1a5bc: posts small blind $0.01
Hero: posts big blind $0.02
*** HOLE CARDS ***
Dealt to Hero [Jh Ts]
Dealt to 5bba0327 
Dealt to 14fb95e0 
Dealt to e99e015e 
Dealt to 6ee1a5bc 
5bba0327: folds
14fb95e0: raises $0.02 to $0.04
e99e015e: folds
6ee1a5bc: folds
Hero: calls $0.02
*** FLOP *** [4s 9d Tc]
Hero: checks
14fb95e0: bets $0.05
Hero: calls $0.05
*** TURN *** [4s 9d Tc] [Ah]
Hero: checks
14fb95e0: bets $0.1
Hero: calls $0.1
*** RIVER *** [4s 9d Tc Ah] [2c]
Hero: checks
14fb95e0: checks
Hero: shows [Jh Ts] (Pair of Tens)
14fb95e0: shows [6s 6c] (Pair of Sixes)
*** SHOWDOWN ***
Hero collected $0.37 from pot
*** SUMMARY ***
Total pot $0.39 | Rake $0.02 | Jackpot $0 | Bingo $0 | Fortune $0 | Tax $0
Board [4s 9d Tc Ah 2c]
Seat 1: Hero (big blind) showed [Jh Ts] and won ($0.37) with Pair of Tens
Seat 2: 5bba0327 folded before Flop (didn't bet)
Seat 3: 14fb95e0 showed [6s 6c] and lost with Pair of Sixes
Seat 4: e99e015e (button) folded before Flop (didn't bet)
Seat 6: 6ee1a5bc (small blind) folded before Flop


Poker Hand #HD50916000: Hold'em No Limit ($0.01/$0.02) - 2024/05/21 19:14:01
Table 'NLHYellow6' 6-max Seat #3 is the button
Seat 1: Hero ($3.37 in chips)
Seat 2: 5bba0327 ($0.79 in chips)
Seat 3: 14fb95e0 ($1.34 in chips)
Seat 4: e99e015e ($1.51 in chips)
Seat 6: 6ee1a5bc ($2.44 in chips)
e99e015e: posts small blind $0.01
6ee1a5bc: posts big blind $0.02
*** HOLE CARDS ***
Dealt to Hero [Jc Ts]
Dealt to 5bba0327 
Dealt to 14fb95e0 
Dealt to e99e015e 
Dealt to 6ee1a5bc 
Hero: raises $0.03 to $0.05
5bba0327: folds
14fb95e0: folds
e99e015e: calls $0.04
6ee1a5bc: folds
*** FLOP *** [4d 3s 2c]
e99e015e: checks
Hero: checks
*** TURN *** [4d 3s 2c] [Tc]
e99e015e: bets $0.12
Hero: calls $0.12
*** RIVER *** [4d 3s 2c Tc] [Ac]
e99e015e: bets $0.18
Hero: calls $0.18
e99e015e: shows [Th 9c] (Pair of Tens)
Hero: shows [Jc Ts] (Pair of Tens)
*** SHOWDOWN ***
Hero collected $0.67 from pot
*** SUMMARY ***
Total pot $0.72 | Rake $0.03 | Jackpot $0.02 | Bingo $0 | Fortune $0 | Tax $0
Board [4d 3s 2c Tc Ac]
Seat 1: Hero showed [Jc Ts] and won ($0.67) with Pair of Tens
Seat 2: 5bba0327 folded before Flop (didn't bet)
Seat 3: 14fb95e0 (button) folded before Flop (didn't bet)
Seat 4: e99e015e (small blind) showed [Th 9c] and lost with Pair of Tens
Seat 6: 6ee1a5bc (big blind) folded before Flop


Poker Hand #HD50915967: Hold'em No Limit ($0.01/$0.02) - 2024/05/21 19:12:43
Table 'NLHYellow6' 6-max Seat #2 is the button
Seat 1: Hero ($2.51 in chips)
Seat 2: 5bba0327 ($0.92 in chips)
Seat 3: 14fb95e0 ($1.35 in chips)
Seat 4: e99e015e ($1.53 in chips)
Seat 5: fda46b ($2 in chips)
Seat 6: 6ee1a5bc ($3.24 in chips)
14fb95e0: posts small blind $0.01
e99e015e: posts big blind $0.02
*** HOLE CARDS ***
Dealt to Hero [Jc Ac]
Dealt to 5bba0327 
Dealt to 14fb95e0 
Dealt to e99e015e 
Dealt to fda46b 
Dealt to 6ee1a5bc 
fda46b: folds
6ee1a5bc: raises $0.02 to $0.04
Hero: raises $0.09 to $0.13
5bba0327: calls $0.13
14fb95e0: folds
e99e015e: folds
6ee1a5bc: calls $0.09
*** FLOP *** [9h Th 9s]
6ee1a5bc: checks
Hero: checks
5bba0327: checks
*** TURN *** [9h Th 9s] [Ad]
6ee1a5bc: checks
Hero: bets $0.14
5bba0327: folds
6ee1a5bc: calls $0.14
*** RIVER *** [9h Th 9s Ad] [Jd]
6ee1a5bc: checks
Hero: bets $0.53
6ee1a5bc: calls $0.53
Hero: shows [Jc Ac] (Pair of Aces and Pair of Jacks)
6ee1a5bc: shows [Ah Qh] (Pair of Aces and Pair of Nines)
*** SHOWDOWN ***
Hero collected $1.66 from pot
*** SUMMARY ***
Total pot $1.76 | Rake $0.08 | Jackpot $0.02 | Bingo $0 | Fortune $0 | Tax $0
Board [9h Th 9s Ad Jd]
Seat 1: Hero showed [Jc Ac] and won ($1.66) with Pair of Aces and Pair of Jacks
Seat 2: 5bba0327 (button) folded on the Turn
Seat 3: 14fb95e0 (small blind) folded before Flop
Seat 4: e99e015e (big blind) folded before Flop
Seat 5: fda46b folded before Flop (didn't bet)
Seat 6: 6ee1a5bc showed [Ah Qh] and lost with Pair of Aces and Pair of Nines


Poker Hand #HD50915958: Hold'em No Limit ($0.01/$0.02) - 2024/05/21 19:12:20
Table 'NLHYellow6' 6-max Seat #1 is the button
Seat 1: Hero ($2.45 in chips)
Seat 2: 5bba0327 ($0.93 in chips)
Seat 3: 14fb95e0 ($1.4 in chips)
Seat 4: e99e015e ($1.53 in chips)
Seat 5: fda46b ($2 in chips)
Seat 6: 6ee1a5bc ($3.24 in chips)
5bba0327: posts small blind $0.01
14fb95e0: posts big blind $0.02
*** HOLE CARDS ***
Dealt to Hero [Ad Kc]
Dealt to 5bba0327 
Dealt to 14fb95e0 
Dealt to e99e015e 
Dealt to fda46b 
Dealt to 6ee1a5bc 
e99e015e: folds
fda46b: folds
6ee1a5bc: folds
Hero: raises $0.03 to $0.05
5bba0327: folds
14fb95e0: calls $0.03
*** FLOP *** [4c 8s Jc]
14fb95e0: checks
Hero: bets $0.04
14fb95e0: folds
Uncalled bet ($0.04) returned to Hero
*** SHOWDOWN ***
Hero collected $0.11 from pot
*** SUMMARY ***
Total pot $0.11 | Rake $0 | Jackpot $0 | Bingo $0 | Fortune $0 | Tax $0
Board [4c 8s Jc]
Seat 1: Hero (button) won ($0.11)
Seat 2: 5bba0327 (small blind) folded before Flop
Seat 3: 14fb95e0 (big blind) folded on the Flop
Seat 4: e99e015e folded before Flop (didn't bet)
Seat 5: fda46b folded before Flop (didn't bet)
Seat 6: 6ee1a5bc folded before Flop (didn't bet)


Poker Hand #HD50915932: Hold'em No Limit ($0.01/$0.02) - 2024/05/21 19:11:20
Table 'NLHYellow6' 6-max Seat #6 is the button
Seat 1: Hero ($2.46 in chips)
Seat 2: 5bba0327 ($0.49 in chips)
Seat 3: 14fb95e0 ($1.4 in chips)
Seat 4: e99e015e ($2.02 in chips)
Seat 5: fda46b ($2 in chips)
Seat 6: 6ee1a5bc ($3.24 in chips)
Hero: posts small blind $0.01
5bba0327: posts big blind $0.02
*** HOLE CARDS ***
Dealt to Hero [4s 9d]
Dealt to 5bba0327 
Dealt to 14fb95e0 
Dealt to e99e015e 
Dealt to fda46b 
Dealt to 6ee1a5bc 
14fb95e0: folds
e99e015e: raises $0.05 to $0.07
fda46b: folds
6ee1a5bc: folds
Hero: folds
5bba0327: raises $0.07 to $0.14
e99e015e: calls $0.07
*** FLOP *** [2c 8c Kd]
5bba0327: bets $0.35 and is all-in
e99e015e: calls $0.35
5bba0327: shows [5h Ad] (Ace-High)
e99e015e: shows [9s Ks] (Pair of Kings)
*** TURN *** [2c 8c Kd] [Ac]
*** RIVER *** [2c 8c Kd Ac] [Tc]
14fb95e0: shows [7c] (Ace High Flush)
*** SHOWDOWN ***
5bba0327 collected $0.93 from pot
*** SUMMARY ***
Total pot $0.99 | Rake $0.04 | Jackpot $0.02 | Bingo $0 | Fortune $0 | Tax $0
Board [2c 8c Kd Ac Tc]
Seat 1: Hero (small blind) folded before Flop
Seat 2: 5bba0327 (big blind) showed [5h Ad] and won ($0.93) with Pair of Aces
Seat 3: 14fb95e0 folded before Flop (didn't bet)
Seat 4: e99e015e showed [9s Ks] and lost with Pair of Kings
Seat 5: fda46b folded before Flop (didn't bet)
Seat 6: 6ee1a5bc (button) folded before Flop (didn't bet)


Poker Hand #HD50915899: Hold'em No Limit ($0.01/$0.02) - 2024/05/21 19:09:53
Table 'NLHYellow6' 6-max Seat #5 is the button
Seat 1: Hero ($1.95 in chips)
Seat 2: 5bba0327 ($0.49 in chips)
Seat 3: 14fb95e0 ($1.4 in chips)
Seat 4: e99e015e ($2.02 in chips)
Seat 5: fda46b ($1.95 in chips)
Seat 6: 6ee1a5bc ($3.25 in chips)
6ee1a5bc: posts small blind $0.01
Hero: posts big blind $0.02
*** HOLE CARDS ***
Dealt to Hero [Kh Ks]
Dealt to 5bba0327 
Dealt to 14fb95e0 
Dealt to e99e015e 
Dealt to fda46b 
Dealt to 6ee1a5bc 
5bba0327: folds
14fb95e0: folds
e99e015e: folds
fda46b: raises $0.03 to $0.05
6ee1a5bc: folds
Hero: raises $0.11 to $0.16
fda46b: calls $0.11
*** FLOP *** [8d 2d 3c]
Hero: bets $0.11
fda46b: calls $0.11
*** TURN *** [8d 2d 3c] [8s]
Hero: checks
fda46b: bets $0.3
Hero: calls $0.3
*** RIVER *** [8d 2d 3c 8s] [9c]
Hero: checks
fda46b: checks
Hero: shows [Kh Ks] (Pair of Kings and Pair of Eights)
fda46b: shows [Ac Jc] (Pair of Eights)
*** SHOWDOWN ***
Hero collected $1.08 from pot
*** SUMMARY ***
Total pot $1.15 | Rake $0.05 | Jackpot $0.02 | Bingo $0 | Fortune $0 | Tax $0
Board [8d 2d 3c 8s 9c]
Seat 1: Hero (big blind) showed [Kh Ks] and won ($1.08) with Pair of Kings and Pair of Eights
Seat 2: 5bba0327 folded before Flop (didn't bet)
Seat 3: 14fb95e0 folded before Flop (didn't bet)
Seat 4: e99e015e folded before Flop (didn't bet)
Seat 5: fda46b (button) showed [Ac Jc] and lost with Pair of Eights
Seat 6: 6ee1a5bc (small blind) folded before Flop


Poker Hand #HD50915883: Hold'em No Limit ($0.01/$0.02) - 2024/05/21 19:09:15
Table 'NLHYellow6' 6-max Seat #4 is the button
Seat 1: Hero ($1.95 in chips)
Seat 2: 5bba0327 ($0.5 in chips)
Seat 3: 14fb95e0 ($1.22 in chips)
Seat 4: e99e015e ($2.02 in chips)
Seat 5: fda46b ($2.11 in chips)
Seat 6: 6ee1a5bc ($3.27 in chips)
fda46b: posts small blind $0.01
6ee1a5bc: posts big blind $0.02
5bba0327: posts missed blind $0.01
*** HOLE CARDS ***
Dealt to Hero [5s Qc]
Dealt to 5bba0327 
Dealt to 14fb95e0 
Dealt to e99e015e 
Dealt to fda46b 
Dealt to 6ee1a5bc 
Hero: folds
5bba0327: folds
14fb95e0: raises $0.04 to $0.06
e99e015e: folds
fda46b: raises $0.1 to $0.16
6ee1a5bc: folds
14fb95e0: raises $0.35 to $0.51
fda46b: folds
Uncalled bet ($0.35) returned to 14fb95e0
*** SHOWDOWN ***
14fb95e0 collected $0.34 from pot
*** SUMMARY ***
Total pot $0.35 | Rake $0.01 | Jackpot $0 | Bingo $0 | Fortune $0 | Tax $0
Seat 1: Hero folded before Flop (didn't bet)
Seat 2: 5bba0327 folded before Flop
Seat 3: 14fb95e0 collected ($0.34)
Seat 4: e99e015e (button) folded before Flop (didn't bet)
Seat 5: fda46b (small blind) folded before Flop
Seat 6: 6ee1a5bc (big blind) folded before Flop


Poker Hand #HD50915865: Hold'em No Limit ($0.01/$0.02) - 2024/05/21 19:08:36
Table 'NLHYellow6' 6-max Seat #3 is the button
Seat 1: Hero ($2 in chips)
Seat 3: 14fb95e0 ($1.14 in chips)
Seat 4: e99e015e ($2.03 in chips)
Seat 5: fda46b ($2.13 in chips)
Seat 6: 6ee1a5bc ($3.27 in chips)
e99e015e: posts small blind $0.01
fda46b: posts big blind $0.02
*** HOLE CARDS ***
Dealt to Hero [Ah 8d]
Dealt to 14fb95e0 
Dealt to e99e015e 
Dealt to fda46b 
Dealt to 6ee1a5bc 
6ee1a5bc: folds
Hero: raises $0.03 to $0.05
14fb95e0: raises $0.07 to $0.12
e99e015e: folds
fda46b: folds
Hero: folds
Uncalled bet ($0.07) returned to 14fb95e0
*** SHOWDOWN ***
14fb95e0 collected $0.13 from pot
*** SUMMARY ***
Total pot $0.13 | Rake $0 | Jackpot $0 | Bingo $0 | Fortune $0 | Tax $0
Seat 1: Hero folded before Flop
Seat 3: 14fb95e0 (button) collected ($0.13)
Seat 4: e99e015e (small blind) folded before Flop
Seat 5: fda46b (big blind) folded before Flop
Seat 6: 6ee1a5bc folded before Flop (didn't bet)


Poker Hand #HD50915861: Hold'em No Limit ($0.01/$0.02) - 2024/05/21 19:08:24
Table 'NLHYellow6' 6-max Seat #1 is the button
Seat 1: Hero ($1.97 in chips)
Seat 3: 14fb95e0 ($1.15 in chips)
Seat 4: e99e015e ($2.05 in chips)
Seat 5: fda46b ($2.13 in chips)
Seat 6: 6ee1a5bc ($3.27 in chips)
14fb95e0: posts small blind $0.01
e99e015e: posts big blind $0.02
*** HOLE CARDS ***
Dealt to Hero [Jd Ts]
Dealt to 14fb95e0 
Dealt to e99e015e 
Dealt to fda46b 
Dealt to 6ee1a5bc 
fda46b: folds
6ee1a5bc: folds
Hero: raises $0.03 to $0.05
14fb95e0: folds
e99e015e: folds
Uncalled bet ($0.03) returned to Hero
*** SHOWDOWN ***
Hero collected $0.05 from pot
*** SUMMARY ***
Total pot $0.05 | Rake $0 | Jackpot $0 | Bingo $0 | Fortune $0 | Tax $0
Seat 1: Hero (button) collected ($0.05)
Seat 3: 14fb95e0 (small blind) folded before Flop
Seat 4: e99e015e (big blind) folded before Flop
Seat 5: fda46b folded before Flop (didn't bet)
Seat 6: 6ee1a5bc folded before Flop (didn't bet)


Poker Hand #HD50915835: Hold'em No Limit ($0.01/$0.02) - 2024/05/21 19:07:25
Table 'NLHYellow6' 6-max Seat #6 is the button
Seat 1: Hero ($1.98 in chips)
Seat 2: 5bba0327 ($1.12 in chips)
Seat 3: 14fb95e0 ($1.21 in chips)
Seat 4: e99e015e ($2.11 in chips)
Seat 5: fda46b ($2.13 in chips)
Seat 6: 6ee1a5bc ($2.15 in chips)
Hero: posts small blind $0.01
5bba0327: posts big blind $0.02
*** HOLE CARDS ***
Dealt to Hero [Qs 7c]
Dealt to 5bba0327 
Dealt to 14fb95e0 
Dealt to e99e015e 
Dealt to fda46b 
Dealt to 6ee1a5bc 
14fb95e0: raises $0.04 to $0.06
e99e015e: calls $0.06
fda46b: folds
6ee1a5bc: calls $0.06
Hero: folds
5bba0327: calls $0.04
*** FLOP *** [7s 5s 2h]
5bba0327: bets $1.06 and is all-in
14fb95e0: folds
e99e015e: folds
6ee1a5bc: calls $1.06
5bba0327: shows [8c 8s] (Pair of Eights)
6ee1a5bc: shows [Kh Kd] (Pair of Kings)
*** TURN *** [7s 5s 2h] [5d]
*** RIVER *** [7s 5s 2h 5d] [9h]
14fb95e0: shows [8h] (Pair of Fives)
*** SHOWDOWN ***
6ee1a5bc collected $2.24 from pot
*** SUMMARY ***
Total pot $2.37 | Rake $0.11 | Jackpot $0.02 | Bingo $0 | Fortune $0 | Tax $0
Board [7s 5s 2h 5d 9h]
Seat 1: Hero (small blind) folded before Flop
Seat 2: 5bba0327 (big blind) showed [8c 8s] and lost with Pair of Eights and Pair of Fives
Seat 3: 14fb95e0 folded on the Flop
Seat 4: e99e015e folded on the Flop
Seat 5: fda46b folded before Flop (didn't bet)
Seat 6: 6ee1a5bc (button) showed [Kh Kd] and won ($2.24) with Pair of Kings and Pair of Fives


Poker Hand #HD50915822: Hold'em No Limit ($0.01/$0.02) - 2024/05/21 19:06:59
Table 'NLHYellow6' 6-max Seat #5 is the button
Seat 1: Hero ($2 in chips)
Seat 2: 5bba0327 ($1.18 in chips)
Seat 3: 14fb95e0 ($1.27 in chips)
Seat 4: e99e015e ($2.11 in chips)
Seat 5: fda46b ($2.13 in chips)
Seat 6: 6ee1a5bc ($2.02 in chips)
6ee1a5bc: posts small blind $0.01
Hero: posts big blind $0.02
*** HOLE CARDS ***
Dealt to Hero [Tc 7d]
Dealt to 5bba0327 
Dealt to 14fb95e0 
Dealt to e99e015e 
Dealt to fda46b 
Dealt to 6ee1a5bc 
5bba0327: raises $0.04 to $0.06
14fb95e0: calls $0.06
e99e015e: folds
fda46b: folds
6ee1a5bc: raises $1.96 to $2.02 and is all-in
Hero: folds
5bba0327: folds
14fb95e0: folds
Uncalled bet ($1.96) returned to 6ee1a5bc
6ee1a5bc: shows [As Ah]
*** SHOWDOWN ***
6ee1a5bc collected $0.19 from pot
*** SUMMARY ***
Total pot $0.2 | Rake $0.01 | Jackpot $0 | Bingo $0 | Fortune $0 | Tax $0
Seat 1: Hero (big blind) folded before Flop
Seat 2: 5bba0327 folded before Flop
Seat 3: 14fb95e0 folded before Flop
Seat 4: e99e015e folded before Flop (didn't bet)
Seat 5: fda46b (button) folded before Flop (didn't bet)
Seat 6: 6ee1a5bc (small blind) showed [As Ah] and collected ($0.19)


Poker Hand #HD50915817: Hold'em No Limit ($0.01/$0.02) - 2024/05/21 19:06:38
Table 'NLHYellow6' 6-max Seat #4 is the button
Seat 1: Hero ($2 in chips)
Seat 2: 5bba0327 ($1.18 in chips)
Seat 3: 14fb95e0 ($1.27 in chips)
Seat 4: e99e015e ($2.11 in chips)
Seat 5: fda46b ($2.11 in chips)
Seat 6: 6ee1a5bc ($2.04 in chips)
fda46b: posts small blind $0.01
6ee1a5bc: posts big blind $0.02
*** HOLE CARDS ***
Dealt to Hero [Ts Kh]
Dealt to 5bba0327 
Dealt to 14fb95e0 
Dealt to e99e015e 
Dealt to fda46b 
Dealt to 6ee1a5bc 
Hero: folds
5bba0327: folds
14fb95e0: folds
e99e015e: folds
fda46b: calls $0.01
6ee1a5bc: checks
*** FLOP *** [Jh 7h 7s]
fda46b: checks
6ee1a5bc: checks
*** TURN *** [Jh 7h 7s] [6h]
fda46b: bets $0.02
6ee1a5bc: folds
Uncalled bet ($0.02) returned to fda46b
*** SHOWDOWN ***
fda46b collected $0.04 from pot
*** SUMMARY ***
Total pot $0.04 | Rake $0 | Jackpot $0 | Bingo $0 | Fortune $0 | Tax $0
Board [Jh 7h 7s 6h]
Seat 1: Hero folded before Flop (didn't bet)
Seat 2: 5bba0327 folded before Flop (didn't bet)
Seat 3: 14fb95e0 folded before Flop (didn't bet)
Seat 4: e99e015e (button) folded before Flop (didn't bet)
Seat 5: fda46b (small blind) won ($0.04)
Seat 6: 6ee1a5bc (big blind) folded on the Turn


Poker Hand #HD50915778: Hold'em No Limit ($0.01/$0.02) - 2024/05/21 19:04:43
Table 'NLHYellow6' 6-max Seat #2 is the button
Seat 1: Hero ($0.36 in chips)
Seat 2: 5bba0327 ($1.18 in chips)
Seat 3: 14fb95e0 ($1.3 in chips)
Seat 4: e99e015e ($2.2 in chips)
Seat 5: fda46b ($1.99 in chips)
Seat 6: 6ee1a5bc ($1.87 in chips)
14fb95e0: posts small blind $0.01
e99e015e: posts big blind $0.02
*** HOLE CARDS ***
Dealt to Hero [Qh Jc]
Dealt to 5bba0327 
Dealt to 14fb95e0 
Dealt to e99e015e 
Dealt to fda46b 
Dealt to 6ee1a5bc 
fda46b: calls $0.02
6ee1a5bc: folds
Hero: raises $0.06 to $0.08
5bba0327: folds
14fb95e0: folds
e99e015e: calls $0.06
fda46b: calls $0.06
*** FLOP *** [3h 4s 7d]
e99e015e: checks
fda46b: checks
Hero: bets $0.28 and is all-in
e99e015e: folds
fda46b: calls $0.28
Hero: shows [Qh Jc] (Queen-High)
fda46b: shows [Ad Ks] (Ace-High)
*** TURN *** [3h 4s 7d] [4d]
fda46b: Chooses to EV Cashout 
*** RIVER *** [3h 4s 7d 4d] [As]
fda46b: Pays Cashout Risk ($0.12)
14fb95e0: shows [4h] (Three Fours)
*** SHOWDOWN ***
fda46b collected $0.75 from pot
*** SUMMARY ***
Total pot $0.81 | Rake $0.04 | Jackpot $0.02 | Bingo $0 | Fortune $0 | Tax $0
Board [3h 4s 7d 4d As]
Seat 1: Hero showed [Qh Jc] and lost with Pair of Fours
Seat 2: 5bba0327 (button) folded before Flop (didn't bet)
Seat 3: 14fb95e0 (small blind) folded before Flop
Seat 4: e99e015e (big blind) folded on the Flop
Seat 5: fda46b showed [Ad Ks] and won ($0.75) with Pair of Aces and Pair of Fours, Cashout Risk ($0.12)
Seat 6: 6ee1a5bc folded before Flop (didn't bet)


Poker Hand #HD50915769: Hold'em No Limit ($0.01/$0.02) - 2024/05/21 19:04:26
Table 'NLHYellow6' 6-max Seat #1 is the button
Seat 1: Hero ($0.33 in chips)
Seat 2: 5bba0327 ($1.19 in chips)
Seat 3: 14fb95e0 ($1.32 in chips)
Seat 4: e99e015e ($2.2 in chips)
Seat 5: fda46b ($1.99 in chips)
Seat 6: 6ee1a5bc ($1.87 in chips)
5bba0327: posts small blind $0.01
14fb95e0: posts big blind $0.02
*** HOLE CARDS ***
Dealt to Hero [Js Jc]
Dealt to 5bba0327 
Dealt to 14fb95e0 
Dealt to e99e015e 
Dealt to fda46b 
Dealt to 6ee1a5bc 
e99e015e: folds
fda46b: folds
6ee1a5bc: folds
Hero: raises $0.03 to $0.05
5bba0327: folds
14fb95e0: folds
Uncalled bet ($0.03) returned to Hero
*** SHOWDOWN ***
Hero collected $0.05 from pot
*** SUMMARY ***
Total pot $0.05 | Rake $0 | Jackpot $0 | Bingo $0 | Fortune $0 | Tax $0
Seat 1: Hero (button) collected ($0.05)
Seat 2: 5bba0327 (small blind) folded before Flop
Seat 3: 14fb95e0 (big blind) folded before Flop
Seat 4: e99e015e folded before Flop (didn't bet)
Seat 5: fda46b folded before Flop (didn't bet)
Seat 6: 6ee1a5bc folded before Flop (didn't bet)


Poker Hand #HD50915744: Hold'em No Limit ($0.01/$0.02) - 2024/05/21 19:03:20
Table 'NLHYellow6' 6-max Seat #6 is the button
Seat 1: Hero ($0.99 in chips)
Seat 2: 5bba0327 ($1.21 in chips)
Seat 3: 14fb95e0 ($0.66 in chips)
Seat 4: e99e015e ($2.2 in chips)
Seat 5: fda46b ($1.99 in chips)
Seat 6: 6ee1a5bc ($1.93 in chips)
Hero: posts small blind $0.01
5bba0327: posts big blind $0.02
*** HOLE CARDS ***
Dealt to Hero [9s Js]
Dealt to 5bba0327 
Dealt to 14fb95e0 
Dealt to e99e015e 
Dealt to fda46b 
Dealt to 6ee1a5bc 
14fb95e0: raises $0.04 to $0.06
e99e015e: folds
fda46b: folds
6ee1a5bc: calls $0.06
Hero: calls $0.05
5bba0327: folds
*** FLOP *** [2c Jd 3s]
Hero: checks
14fb95e0: bets $0.1
6ee1a5bc: folds
Hero: calls $0.1
*** TURN *** [2c Jd 3s] [Kh]
Hero: checks
14fb95e0: bets $0.12
Hero: calls $0.12
*** RIVER *** [2c Jd 3s Kh] [7s]
Hero: checks
14fb95e0: bets $0.38 and is all-in
Hero: calls $0.38
14fb95e0: shows [As Ad] (Pair of Aces)
Hero: shows [9s Js] (Pair of Jacks)
*** SHOWDOWN ***
14fb95e0 collected $1.32 from pot
*** SUMMARY ***
Total pot $1.4 | Rake $0.06 | Jackpot $0.02 | Bingo $0 | Fortune $0 | Tax $0
Board [2c Jd 3s Kh 7s]
Seat 1: Hero (small blind) showed [9s Js] and lost with Pair of Jacks
Seat 2: 5bba0327 (big blind) folded before Flop
Seat 3: 14fb95e0 showed [As Ad] and won ($1.32) with Pair of Aces
Seat 4: e99e015e folded before Flop (didn't bet)
Seat 5: fda46b folded before Flop (didn't bet)
Seat 6: 6ee1a5bc (button) folded on the Flop


Poker Hand #HD50915719: Hold'em No Limit ($0.01/$0.02) - 2024/05/21 19:02:25
Table 'NLHYellow6' 6-max Seat #5 is the button
Seat 1: Hero ($1.01 in chips)
Seat 2: 5bba0327 ($1.25 in chips)
Seat 3: 14fb95e0 ($0.66 in chips)
Seat 4: e99e015e ($2.2 in chips)
Seat 5: fda46b ($1.92 in chips)
Seat 6: 6ee1a5bc ($1.94 in chips)
6ee1a5bc: posts small blind $0.01
Hero: posts big blind $0.02
*** HOLE CARDS ***
Dealt to Hero [6d Jh]
Dealt to 5bba0327 
Dealt to 14fb95e0 
Dealt to e99e015e 
Dealt to fda46b 
Dealt to 6ee1a5bc 
5bba0327: raises $0.02 to $0.04
14fb95e0: folds
e99e015e: folds
fda46b: calls $0.04
6ee1a5bc: folds
Hero: folds
*** FLOP *** [Ks Jd 3s]
5bba0327: checks
fda46b: checks
*** TURN *** [Ks Jd 3s] [2s]
5bba0327: checks
fda46b: bets $0.06
5bba0327: folds
Uncalled bet ($0.06) returned to fda46b
*** SHOWDOWN ***
fda46b collected $0.11 from pot
*** SUMMARY ***
Total pot $0.11 | Rake $0 | Jackpot $0 | Bingo $0 | Fortune $0 | Tax $0
Board [Ks Jd 3s 2s]
Seat 1: Hero (big blind) folded before Flop
Seat 2: 5bba0327 folded on the Turn
Seat 3: 14fb95e0 folded before Flop (didn't bet)
Seat 4: e99e015e folded before Flop (didn't bet)
Seat 5: fda46b (button) won ($0.11)
Seat 6: 6ee1a5bc (small blind) folded before Flop


Poker Hand #HD50915712: Hold'em No Limit ($0.01/$0.02) - 2024/05/21 19:02:09
Table 'NLHYellow6' 6-max Seat #4 is the button
Seat 1: Hero ($0.98 in chips)
Seat 2: 5bba0327 ($1.25 in chips)
Seat 3: 14fb95e0 ($0.66 in chips)
Seat 4: e99e015e ($2.2 in chips)
Seat 5: fda46b ($1.93 in chips)
Seat 6: 6ee1a5bc ($1.96 in chips)
fda46b: posts small blind $0.01
6ee1a5bc: posts big blind $0.02
*** HOLE CARDS ***
Dealt to Hero [Kh Qd]
Dealt to 5bba0327 
Dealt to 14fb95e0 
Dealt to e99e015e 
Dealt to fda46b 
Dealt to 6ee1a5bc 
Hero: raises $0.03 to $0.05
5bba0327: folds
14fb95e0: folds
e99e015e: folds
fda46b: folds
6ee1a5bc: folds
Uncalled bet ($0.03) returned to Hero
*** SHOWDOWN ***
Hero collected $0.05 from pot
*** SUMMARY ***
Total pot $0.05 | Rake $0 | Jackpot $0 | Bingo $0 | Fortune $0 | Tax $0
Seat 1: Hero collected ($0.05)
Seat 2: 5bba0327 folded before Flop (didn't bet)
Seat 3: 14fb95e0 folded before Flop (didn't bet)
Seat 4: e99e015e (button) folded before Flop (didn't bet)
Seat 5: fda46b (small blind) folded before Flop
Seat 6: 6ee1a5bc (big blind) folded before Flop


Poker Hand #HD50915698: Hold'em No Limit ($0.01/$0.02) - 2024/05/21 19:01:42
Table 'NLHYellow6' 6-max Seat #3 is the button
Seat 1: Hero ($0.93 in chips)
Seat 2: 5bba0327 ($1.25 in chips)
Seat 3: 14fb95e0 ($0.66 in chips)
Seat 4: e99e015e ($2.21 in chips)
Seat 5: fda46b ($1.95 in chips)
Seat 6: 6ee1a5bc ($1.98 in chips)
e99e015e: posts small blind $0.01
fda46b: posts big blind $0.02
*** HOLE CARDS ***
Dealt to Hero [Kd Ah]
Dealt to 5bba0327 
Dealt to 14fb95e0 
Dealt to e99e015e 
Dealt to fda46b 
Dealt to 6ee1a5bc 
6ee1a5bc: calls $0.02
Hero: raises $0.06 to $0.08
5bba0327: folds
14fb95e0: folds
e99e015e: folds
fda46b: folds
6ee1a5bc: folds
Uncalled bet ($0.06) returned to Hero
*** SHOWDOWN ***
Hero collected $0.07 from pot
*** SUMMARY ***
Total pot $0.07 | Rake $0 | Jackpot $0 | Bingo $0 | Fortune $0 | Tax $0
Seat 1: Hero collected ($0.07)
Seat 2: 5bba0327 folded before Flop (didn't bet)
Seat 3: 14fb95e0 (button) folded before Flop (didn't bet)
Seat 4: e99e015e (small blind) folded before Flop
Seat 5: fda46b (big blind) folded before Flop
Seat 6: 6ee1a5bc folded before Flop


Poker Hand #HD50915692: Hold'em No Limit ($0.01/$0.02) - 2024/05/21 19:01:35
Table 'NLHYellow6' 6-max Seat #2 is the button
Seat 1: Hero ($0.93 in chips)
Seat 2: 5bba0327 ($1.25 in chips)
Seat 3: 14fb95e0 ($0.67 in chips)
Seat 4: e99e015e ($2.2 in chips)
Seat 5: fda46b ($1.95 in chips)
Seat 6: 6ee1a5bc ($1.98 in chips)
14fb95e0: posts small blind $0.01
e99e015e: posts big blind $0.02
*** HOLE CARDS ***
Dealt to Hero [2d Kc]
Dealt to 5bba0327 
Dealt to 14fb95e0 
Dealt to e99e015e 
Dealt to fda46b 
Dealt to 6ee1a5bc 
fda46b: folds
6ee1a5bc: folds
Hero: folds
5bba0327: folds
14fb95e0: folds
Uncalled bet ($0.01) returned to e99e015e
*** SHOWDOWN ***
e99e015e collected $0.02 from pot
*** SUMMARY ***
Total pot $0.02 | Rake $0 | Jackpot $0 | Bingo $0 | Fortune $0 | Tax $0
Seat 1: Hero folded before Flop (didn't bet)
Seat 2: 5bba0327 (button) folded before Flop (didn't bet)
Seat 3: 14fb95e0 (small blind) folded before Flop
Seat 4: e99e015e (big blind) collected ($0.02)
Seat 5: fda46b folded before Flop (didn't bet)
Seat 6: 6ee1a5bc folded before Flop (didn't bet)


Poker Hand #HD50915670: Hold'em No Limit ($0.01/$0.02) - 2024/05/21 19:00:45
Table 'NLHYellow6' 6-max Seat #1 is the button
Seat 1: Hero ($1.01 in chips)
Seat 2: 5bba0327 ($0.72 in chips)
Seat 3: 14fb95e0 ($0.5 in chips)
Seat 4: e99e015e ($2.22 in chips)
Seat 5: fda46b ($1.95 in chips)
Seat 6: 6ee1a5bc ($1.98 in chips)
5bba0327: posts small blind $0.01
14fb95e0: posts big blind $0.02
*** HOLE CARDS ***
Dealt to Hero [6s As]
Dealt to 5bba0327 
Dealt to 14fb95e0 
Dealt to e99e015e 
Dealt to fda46b 
Dealt to 6ee1a5bc 
e99e015e: calls $0.02
fda46b: folds
6ee1a5bc: folds
Hero: raises $0.06 to $0.08
5bba0327: raises $0.12 to $0.2
14fb95e0: raises $0.3 to $0.5 and is all-in
e99e015e: folds
Hero: folds
5bba0327: calls $0.3
14fb95e0: shows [2h 2c]
5bba0327: shows [Ad Qd]
*** FLOP *** [Td 9s 5d]
*** TURN *** [Td 9s 5d] [3h]
*** RIVER *** [Td 9s 5d 3h] [Ah]
14fb95e0: Receives Cashout ($0.67)
*** SHOWDOWN ***
5bba0327 collected $1.03 from pot
*** SUMMARY ***
Total pot $1.1 | Rake $0.05 | Jackpot $0.02 | Bingo $0 | Fortune $0 | Tax $0
Board [Td 9s 5d 3h Ah]
Seat 1: Hero (button) folded before Flop
Seat 2: 5bba0327 (small blind) showed [Ad Qd] and won ($1.03) with Pair of Aces
Seat 3: 14fb95e0 (big blind) showed [2h 2c] and lost with Pair of Twos, EV Cashout ($0.67)
Seat 4: e99e015e folded before Flop
Seat 5: fda46b folded before Flop (didn't bet)
Seat 6: 6ee1a5bc folded before Flop (didn't bet)


Poker Hand #HD50915660: Hold'em No Limit ($0.01/$0.02) - 2024/05/21 19:00:11
Table 'NLHYellow6' 6-max Seat #6 is the button
Seat 1: Hero ($1.02 in chips)
Seat 2: 5bba0327 ($0.77 in chips)
Seat 4: e99e015e ($2.22 in chips)
Seat 5: fda46b ($2 in chips)
Seat 6: 6ee1a5bc ($1.87 in chips)
Hero: posts small blind $0.01
5bba0327: posts big blind $0.02
*** HOLE CARDS ***
Dealt to Hero [9h 2c]
Dealt to 5bba0327 
Dealt to e99e015e 
Dealt to fda46b 
Dealt to 6ee1a5bc 
e99e015e: folds
fda46b: raises $0.03 to $0.05
6ee1a5bc: calls $0.05
Hero: folds
5bba0327: calls $0.03
*** FLOP *** [Ah Tc 8s]
5bba0327: checks
fda46b: checks
6ee1a5bc: bets $0.16
5bba0327: folds
fda46b: folds
Uncalled bet ($0.16) returned to 6ee1a5bc
*** SHOWDOWN ***
6ee1a5bc collected $0.16 from pot
*** SUMMARY ***
Total pot $0.16 | Rake $0 | Jackpot $0 | Bingo $0 | Fortune $0 | Tax $0
Board [Ah Tc 8s]
Seat 1: Hero (small blind) folded before Flop
Seat 2: 5bba0327 (big blind) folded on the Flop
Seat 4: e99e015e folded before Flop (didn't bet)
Seat 5: fda46b folded on the Flop
Seat 6: 6ee1a5bc (button) won ($0.16)


Poker Hand #HD50915630: Hold'em No Limit ($0.01/$0.02) - 2024/05/21 18:59:13
Table 'NLHYellow6' 6-max Seat #5 is the button
Seat 1: Hero ($1.04 in chips)
Seat 2: 5bba0327 ($0.64 in chips)
Seat 3: 9e9931c8 ($4.63 in chips)
Seat 4: e99e015e ($2.22 in chips)
Seat 5: fda46b ($1.92 in chips)
Seat 6: 6ee1a5bc ($1.88 in chips)
6ee1a5bc: posts small blind $0.01
Hero: posts big blind $0.02
*** HOLE CARDS ***
Dealt to Hero [5c Jd]
Dealt to 5bba0327 
Dealt to 9e9931c8 
Dealt to e99e015e 
Dealt to fda46b 
Dealt to 6ee1a5bc 
5bba0327: raises $0.04 to $0.06
9e9931c8: folds
e99e015e: folds
fda46b: calls $0.06
6ee1a5bc: folds
Hero: folds
*** FLOP *** [7s 9s Qh]
5bba0327: checks
fda46b: bets $0.05
5bba0327: calls $0.05
*** TURN *** [7s 9s Qh] [4h]
5bba0327: checks
fda46b: checks
*** RIVER *** [7s 9s Qh 4h] [9d]
5bba0327: checks
fda46b: checks
5bba0327: shows [As 2h] (Pair of Nines)
fda46b: shows [Kc 8c] (Pair of Nines)
*** SHOWDOWN ***
5bba0327 collected $0.24 from pot
*** SUMMARY ***
Total pot $0.25 | Rake $0.01 | Jackpot $0 | Bingo $0 | Fortune $0 | Tax $0
Board [7s 9s Qh 4h 9d]
Seat 1: Hero (big blind) folded before Flop
Seat 2: 5bba0327 showed [As 2h] and won ($0.24) with Pair of Nines
Seat 3: 9e9931c8 folded before Flop (didn't bet)
Seat 4: e99e015e folded before Flop (didn't bet)
Seat 5: fda46b (button) showed [Kc 8c] and lost with Pair of Nines
Seat 6: 6ee1a5bc (small blind) folded before Flop


Poker Hand #HD50915614: Hold'em No Limit ($0.01/$0.02) - 2024/05/21 18:58:30
Table 'NLHYellow6' 6-max Seat #4 is the button
Seat 1: Hero ($1.04 in chips)
Seat 2: 5bba0327 ($0.64 in chips)
Seat 3: 9e9931c8 ($4.65 in chips)
Seat 4: e99e015e ($2.22 in chips)
Seat 5: fda46b ($1.93 in chips)
Seat 6: 6ee1a5bc ($1.85 in chips)
fda46b: posts small blind $0.01
6ee1a5bc: posts big blind $0.02
*** HOLE CARDS ***
Dealt to Hero [3s 8h]
Dealt to 5bba0327 
Dealt to 9e9931c8 
Dealt to e99e015e 
Dealt to fda46b 
Dealt to 6ee1a5bc 
Hero: folds
5bba0327: folds
9e9931c8: calls $0.02
e99e015e: folds
fda46b: folds
6ee1a5bc: checks
*** FLOP *** [2d Qc 3h]
6ee1a5bc: checks
9e9931c8: checks
*** TURN *** [2d Qc 3h] [7c]
6ee1a5bc: checks
9e9931c8: checks
*** RIVER *** [2d Qc 3h 7c] [Ah]
6ee1a5bc: bets $0.05
9e9931c8: folds
Uncalled bet ($0.05) returned to 6ee1a5bc
*** SHOWDOWN ***
6ee1a5bc collected $0.05 from pot
*** SUMMARY ***
Total pot $0.05 | Rake $0 | Jackpot $0 | Bingo $0 | Fortune $0 | Tax $0
Board [2d Qc 3h 7c Ah]
Seat 1: Hero folded before Flop (didn't bet)
Seat 2: 5bba0327 folded before Flop (didn't bet)
Seat 3: 9e9931c8 folded on the River
Seat 4: e99e015e (button) folded before Flop (didn't bet)
Seat 5: fda46b (small blind) folded before Flop
Seat 6: 6ee1a5bc (big blind) won ($0.05)


Poker Hand #HD50915589: Hold'em No Limit ($0.01/$0.02) - 2024/05/21 18:57:33
Table 'NLHYellow6' 6-max Seat #3 is the button
Seat 1: Hero ($1.04 in chips)
Seat 2: 5bba0327 ($0.5 in chips)
Seat 3: 9e9931c8 ($4.77 in chips)
Seat 4: e99e015e ($2.23 in chips)
Seat 5: fda46b ($1.95 in chips)
Seat 6: 6ee1a5bc ($1.85 in chips)
e99e015e: posts small blind $0.01
fda46b: posts big blind $0.02
5bba0327: posts big blind $0.02
*** HOLE CARDS ***
Dealt to Hero [2h 5d]
Dealt to 5bba0327 
Dealt to 9e9931c8 
Dealt to e99e015e 
Dealt to fda46b 
Dealt to 6ee1a5bc 
6ee1a5bc: folds
Hero: folds
5bba0327: raises $0.06 to $0.08
9e9931c8: calls $0.08
e99e015e: folds
fda46b: folds
*** FLOP *** [3c As 9s]
5bba0327: checks
9e9931c8: checks
*** TURN *** [3c As 9s] [Qs]
5bba0327: bets $0.04
9e9931c8: calls $0.04
*** RIVER *** [3c As 9s Qs] [7s]
5bba0327: bets $0.08
9e9931c8: folds
Uncalled bet ($0.08) returned to 5bba0327
*** SHOWDOWN ***
5bba0327 collected $0.26 from pot
*** SUMMARY ***
Total pot $0.27 | Rake $0.01 | Jackpot $0 | Bingo $0 | Fortune $0 | Tax $0
Board [3c As 9s Qs 7s]
Seat 1: Hero folded before Flop (didn't bet)
Seat 2: 5bba0327 won ($0.26)
Seat 3: 9e9931c8 (button) folded on the River
Seat 4: e99e015e (small blind) folded before Flop
Seat 5: fda46b (big blind) folded before Flop
Seat 6: 6ee1a5bc folded before Flop (didn't bet)


Poker Hand #HD50915568: Hold'em No Limit ($0.01/$0.02) - 2024/05/21 18:56:46
Table 'NLHYellow6' 6-max Seat #1 is the button
Seat 1: Hero ($1.04 in chips)
Seat 3: 9e9931c8 ($4.82 in chips)
Seat 4: e99e015e ($2.13 in chips)
Seat 5: fda46b ($2 in chips)
Seat 6: 6ee1a5bc ($1.85 in chips)
9e9931c8: posts small blind $0.01
e99e015e: posts big blind $0.02
*** HOLE CARDS ***
Dealt to Hero [6h 2d]
Dealt to 9e9931c8 
Dealt to e99e015e 
Dealt to fda46b 
Dealt to 6ee1a5bc 
fda46b: raises $0.03 to $0.05
6ee1a5bc: folds
Hero: folds
9e9931c8: calls $0.04
e99e015e: calls $0.03
*** FLOP *** [3c 6c Ts]
9e9931c8: checks
e99e015e: checks
fda46b: checks
*** TURN *** [3c 6c Ts] [Th]
9e9931c8: checks
e99e015e: bets $0.15
fda46b: folds
9e9931c8: folds
Uncalled bet ($0.15) returned to e99e015e
*** SHOWDOWN ***
e99e015e collected $0.15 from pot
*** SUMMARY ***
Total pot $0.15 | Rake $0 | Jackpot $0 | Bingo $0 | Fortune $0 | Tax $0
Board [3c 6c Ts Th]
Seat 1: Hero (button) folded before Flop (didn't bet)
Seat 3: 9e9931c8 (small blind) folded on the Turn
Seat 4: e99e015e (big blind) won ($0.15)
Seat 5: fda46b folded on the Turn
Seat 6: 6ee1a5bc folded before Flop (didn't bet)


Poker Hand #HD50915533: Hold'em No Limit ($0.01/$0.02) - 2024/05/21 18:55:31
Table 'NLHYellow6' 6-max Seat #6 is the button
Seat 1: Hero ($1.98 in chips)
Seat 3: 9e9931c8 ($3.97 in chips)
Seat 4: e99e015e ($2.13 in chips)
Seat 5: fda46b ($2 in chips)
Seat 6: 6ee1a5bc ($1.87 in chips)
Hero: posts small blind $0.01
9e9931c8: posts big blind $0.02
*** HOLE CARDS ***
Dealt to Hero [Kc Qc]
Dealt to 9e9931c8 
Dealt to e99e015e 
Dealt to fda46b 
Dealt to 6ee1a5bc 
e99e015e: folds
fda46b: folds
6ee1a5bc: calls $0.02
Hero: raises $0.06 to $0.08
9e9931c8: calls $0.06
6ee1a5bc: folds
*** FLOP *** [Jc Jh 4s]
Hero: bets $0.06
9e9931c8: calls $0.06
*** TURN *** [Jc Jh 4s] [Ad]
Hero: bets $0.23
9e9931c8: calls $0.23
*** RIVER *** [Jc Jh 4s Ad] [3d]
Hero: bets $0.57
9e9931c8: raises $1.43 to $2
Hero: folds
Uncalled bet ($1.43) returned to 9e9931c8
*** SHOWDOWN ***
9e9931c8 collected $1.79 from pot
*** SUMMARY ***
Total pot $1.9 | Rake $0.09 | Jackpot $0.02 | Bingo $0 | Fortune $0 | Tax $0
Board [Jc Jh 4s Ad 3d]
Seat 1: Hero (small blind) folded on the River
Seat 3: 9e9931c8 (big blind) won ($1.79)
Seat 4: e99e015e folded before Flop (didn't bet)
Seat 5: fda46b folded before Flop (didn't bet)
Seat 6: 6ee1a5bc (button) folded before Flop


Poker Hand #HD50915513: Hold'em No Limit ($0.01/$0.02) - 2024/05/21 18:54:40
Table 'NLHYellow6' 6-max Seat #5 is the button
Seat 1: Hero ($2 in chips)
Seat 3: 9e9931c8 ($3.81 in chips)
Seat 4: e99e015e ($2.13 in chips)
Seat 5: fda46b ($2 in chips)
Seat 6: 6ee1a5bc ($1.88 in chips)
6ee1a5bc: posts small blind $0.01
Hero: posts big blind $0.02
*** HOLE CARDS ***
Dealt to Hero [Qd 3s]
Dealt to 9e9931c8 
Dealt to e99e015e 
Dealt to fda46b 
Dealt to 6ee1a5bc 
9e9931c8: calls $0.02
e99e015e: folds
fda46b: raises $0.06 to $0.08
6ee1a5bc: folds
Hero: folds
9e9931c8: calls $0.06
*** FLOP *** [Ad 4s 9d]
9e9931c8: checks
fda46b: bets $0.06
9e9931c8: calls $0.06
*** TURN *** [Ad 4s 9d] [As]
9e9931c8: checks
fda46b: checks
*** RIVER *** [Ad 4s 9d As] [9c]
9e9931c8: bets $1.83
fda46b: folds
Uncalled bet ($1.83) returned to 9e9931c8
*** SHOWDOWN ***
9e9931c8 collected $0.3 from pot
*** SUMMARY ***
Total pot $0.31 | Rake $0.01 | Jackpot $0 | Bingo $0 | Fortune $0 | Tax $0
Board [Ad 4s 9d As 9c]
Seat 1: Hero (big blind) folded before Flop
Seat 3: 9e9931c8 won ($0.3)
Seat 4: e99e015e folded before Flop (didn't bet)
Seat 5: fda46b (button) folded on the River
Seat 6: 6ee1a5bc (small blind) folded before Flop


